
<?xml version="1.0" encoding="UTF-8"?><searchRetrieveResponse xmlns="http://www.loc.gov/zing/srw/">
  <version>1.2</version>
  <numberOfRecords>105</numberOfRecords>
  <records>
    <record>
      <recordSchema>marcxml</recordSchema>
      <recordPacking>xml</recordPacking>
      <recordData>
        <record xmlns="">
          <leader>-----cam-a22-----z--4500</leader>
          <controlfield tag="001">999919769981102204</controlfield>
          <controlfield tag="008">121018u1732uuuuuuuuu-|------u|----|eng-d</controlfield>
          <datafield tag="035" ind1=" " ind2=" ">
            <subfield code="a">(CKB)3360000000168723</subfield>
          </datafield>
          <datafield tag="035" ind1=" " ind2=" ">
            <subfield code="a">(EXLCZ)993360000000168723</subfield>
          </datafield>
          <datafield tag="245" ind1=" " ind2=" ">
            <subfield code="a">Abigail Greenfield's letter to the Honourable Dublin-Society, in behalf of herself, and rest of the dairy-keepers of Ireland, humbly praying there may be instructions prepared for good houswifery, and chiefly for making the best cheese, such as is importe</subfield>
          </datafield>
          <datafield tag="260" ind1=" " ind2=" ">
            <subfield code="a">Dublin</subfield>
          </datafield>
          <datafield tag="906" ind1=" " ind2=" ">
            <subfield code="a">DOCUMENT</subfield>
          </datafield>
          <datafield tag="AVE" ind1=" " ind2=" ">
            <subfield code="m">Gale Eighteenth Century Collections Online II</subfield>
            <subfield code="t">Galegroup</subfield>
          </datafield>
        </record>
      </recordData>
      <recordPosition>1</recordPosition>
    </record>