
    <record>
      <recordSchema>marcxml</recordSchema>
      <recordPacking>xml</recordPacking>
      <recordData>
        <record xmlns="">
          <leader>02723nam a22003493u 4500</leader>
          <controlfield tag="001">999919803942102204</controlfield>
          <controlfield tag="005">20130930011144.0</controlfield>
          <controlfield tag="006">m        d</controlfield>
          <controlfield tag="007">cr -n---------</controlfield>
          <controlfield tag="008">130930s2007|||||||     s|||||||||||eng|d</controlfield>
          <datafield tag="020" ind1=" " ind2=" ">
            <subfield code="e">1-280-85192-9</subfield>
          </datafield>
          <datafield tag="020" ind1=" " ind2=" ">
            <subfield code="e">9786610851928</subfield>
          </datafield>
          <datafield tag="020" ind1=" " ind2=" ">
            <subfield code="e">1-61583-398-6</subfield>
          </datafield>
          <datafield tag="020" ind1=" " ind2=" ">
            <subfield code="a">0-387-26364-0</subfield>
          </datafield>
          <datafield tag="020" ind1=" " ind2=" ">
            <subfield code="a">0-387-28813-9</subfield>
          </datafield>
          <datafield tag="035" ind1=" " ind2=" ">
            <subfield code="a">(CKB)1000000000284162</subfield>
          </datafield>
          <datafield tag="035" ind1=" " ind2=" ">
            <subfield code="a">(EBL)301969</subfield>
          </datafield>
          <datafield tag="035" ind1=" " ind2=" ">
            <subfield code="a">(OCoLC)401429881</subfield>
          </datafield>
          <datafield tag="035" ind1=" " ind2=" ">
            <subfield code="a">(EXLCZ)991000000000284162</subfield>
          </datafield>
          <datafield tag="040" ind1=" " ind2=" ">
            <subfield code="a">AU-PeEL</subfield>
            <subfield code="b">eng</subfield>
            <subfield code="c">AU-PeEL</subfield>
            <subfield code="d">AU-PeEL</subfield>
          </datafield>
          <datafield tag="050" ind1=" " ind2="4">
            <subfield code="a">SF251.A38 2003</subfield>
          </datafield>
          <datafield tag="082" ind1="0" ind2="0">
            <subfield code="a">637.1</subfield>
          </datafield>
          <datafield tag="100" ind1="1" ind2=" ">
            <subfield code="a">Fox, Patrick F.</subfield>
          </datafield>
          <datafield tag="210" ind1=" " ind2=" ">
            <subfield code="a">ADVANCED DAIRY CHEMISTRY, VOLUME 2 - LIPIDS</subfield>
          </datafield>
          <datafield tag="210" ind1=" " ind2=" ">
            <subfield code="a">ADVANCED DAIRY CHEMISTRY, VOLUME 2</subfield>
          </datafield>
          <datafield tag="210" ind1=" " ind2=" ">
            <subfield code="a">ADVANCED DAIRY CHEMISTRY</subfield>
          </datafield>
          <datafield tag="210" ind1=" " ind2=" ">
            <subfield code="a">ADVANCED DAIRY CHEMISTRY VOLUME 2</subfield>
          </datafield>
          <datafield tag="245" ind1="1" ind2="0">
            <subfield code="a">Advanced Dairy Chemistry</subfield>
            <subfield code="h">[electronic resource] :</subfield>
            <subfield code="b">Volume 2, Lipids</subfield>
          </datafield>
          <datafield tag="246" ind1=" " ind2=" ">
            <subfield code="a">Advanced Dairy Chemistry Volume 2 Lipids</subfield>
          </datafield>
          <datafield tag="260" ind1=" " ind2=" ">
            <subfield code="a">Dordrecht   :</subfield>
            <subfield code="b">Springer-Verlag New York Inc,</subfield>
            <subfield code="c">2007.</subfield>
          </datafield>
          <datafield tag="300" ind1=" " ind2=" ">
            <subfield code="a">1 online resource (824 p.)</subfield>
          </datafield>
          <datafield tag="500" ind1=" " ind2=" ">
            <subfield code="a">Description based upon print version of record.</subfield>
          </datafield>
          <datafield tag="505" ind1="0" ind2=" ">
            <subfield code="a">Front Matter; Composition and Structure of Bovine Milk Lipids; Milk Fat: Origin of Fatty Acids and Influence of Nutritional Factors Thereon; Conjugated Linoleic Acid: Biosynthesis and Nutritional Significance; Intracellular Origin of Milk Fat Globules and the Nature of the Milk Fat Globule Membrane; Physical Chemistry of Milk Fat Globules; Composition, Applications, Fractionation, Technological and Nutritional Significance of Milk Fat Globule Membrane Material; Crystallization and Rheological Properties of Milk Fat; Milk Fat: Physical, Chemical and Enzymatic Modification</subfield>
          </datafield>
          <datafield tag="505" ind1="8" ind2=" ">
            <subfield code="a">Chemistry and Technology of Butter and Milk Fat SpreadsSignificance of Milk Fat in Cream Products; Significance of Milk Fat in Cheese; Ice Cream; Significance of Milk Fat in Milk Powder; Significance of Milk Fat in Infant Formulae; Lipolytic Enzymes and Hydrolytic Rancidity; Lipid Oxidation; Nutritional Significance of Milk Lipids; Oxysterols: Formation and Biological Function; High Performance Liquid Chromatographic and Gas Chromatographic Methods for Lipid Analysis</subfield>
          </datafield>
          <datafield tag="505" ind1="8" ind2=" ">
            <subfield code="a">Spectroscopic Techniques (NMR, Infrared and Fluorescence) for the Determination of Lipid Composition and Structure in Dairy ProductsApplications of Ultrasound to Analysis/Quantitation of Dairy Lipids; Physical Characterization of Milk Fat and Milk Fat-Based Products; Back Matter</subfield>
          </datafield>
          <datafield tag="520" ind1=" " ind2=" ">
            <subfield code="a">Provides in-depth coverage of milk proteins, lipids, lactose, water and minor constituents. This work summarizes knowledge on milk lipids and suggests areas for further work. It is useful for dairy scientists, chemists and others working in dairy research or in the dairy industry.</subfield>
          </datafield>
          <datafield tag="650" ind1=" " ind2="4">
            <subfield code="a">Dairy products.</subfield>
          </datafield>
          <datafield tag="650" ind1=" " ind2="4">
            <subfield code="a">Milk.</subfield>
          </datafield>
          <datafield tag="655" ind1=" " ind2="0">
            <subfield code="a">Electronic books.</subfield>
          </datafield>
          <datafield tag="700" ind1="1" ind2=" ">
            <subfield code="a">McSweeney, Paul.</subfield>
          </datafield>
          <datafield tag="906" ind1=" " ind2=" ">
            <subfield code="a">BOOK</subfield>
          </datafield>
          <datafield tag="AVE" ind1=" " ind2=" ">
            <subfield code="m">SpringerLink Books Complete</subfield>
            <subfield code="t">Springer Link</subfield>
          </datafield>
        </record>
      </recordData>
      <recordPosition>2</recordPosition>
    </record>