
    <record>
      <recordSchema>marcxml</recordSchema>
      <recordPacking>xml</recordPacking>
      <recordData>
        <record xmlns="">
          <leader>03504nam a22003853u 4500</leader>
          <controlfield tag="001">999919805766902204</controlfield>
          <controlfield tag="005">20140113011047.0</controlfield>
          <controlfield tag="006">m        d</controlfield>
          <controlfield tag="007">cr -n---------</controlfield>
          <controlfield tag="008">140113s1997|||||||     s|||||||||||eng|d</controlfield>
          <datafield tag="020" ind1=" " ind2=" ">
            <subfield code="e">1-281-74023-3</subfield>
          </datafield>
          <datafield tag="020" ind1=" " ind2=" ">
            <subfield code="e">9786611740238</subfield>
          </datafield>
          <datafield tag="020" ind1=" " ind2=" ">
            <subfield code="e">0-08-056459-3</subfield>
          </datafield>
          <datafield tag="020" ind1=" " ind2=" ">
            <subfield code="a">0-12-002645-7</subfield>
          </datafield>
          <datafield tag="035" ind1=" " ind2=" ">
            <subfield code="a">(CKB)1000000000550250</subfield>
          </datafield>
          <datafield tag="035" ind1=" " ind2=" ">
            <subfield code="a">(EBL)402792</subfield>
          </datafield>
          <datafield tag="035" ind1=" " ind2=" ">
            <subfield code="a">(OCoLC)476212324</subfield>
          </datafield>
          <datafield tag="035" ind1=" " ind2=" ">
            <subfield code="a">(EXLCZ)991000000000550250</subfield>
          </datafield>
          <datafield tag="040" ind1=" " ind2=" ">
            <subfield code="a">AU-PeEL</subfield>
            <subfield code="b">eng</subfield>
            <subfield code="c">AU-PeEL</subfield>
            <subfield code="d">AU-PeEL</subfield>
          </datafield>
          <datafield tag="050" ind1=" " ind2="4">
            <subfield code="a">QR1 .A38</subfield>
          </datafield>
          <datafield tag="082" ind1="0" ind2="0">
            <subfield code="a">660.28449</subfield>
            <subfield code="a">660.62</subfield>
          </datafield>
          <datafield tag="100" ind1="1" ind2=" ">
            <subfield code="a">Neidleman, Saul L.</subfield>
          </datafield>
          <datafield tag="210" ind1=" " ind2=" ">
            <subfield code="a">ADVANCES IN APPLIED MICROBIOLOGY</subfield>
          </datafield>
          <datafield tag="245" ind1="1" ind2="0">
            <subfield code="a">Advances in Applied Microbiology</subfield>
            <subfield code="h">[electronic resource].</subfield>
          </datafield>
          <datafield tag="260" ind1=" " ind2=" ">
            <subfield code="a">Burlington :</subfield>
            <subfield code="b">Elsevier Science,</subfield>
            <subfield code="c">1997.</subfield>
          </datafield>
          <datafield tag="300" ind1=" " ind2=" ">
            <subfield code="a">1 online resource (335 p.)</subfield>
          </datafield>
          <datafield tag="500" ind1=" " ind2=" ">
            <subfield code="a">Description based upon print version of record.</subfield>
          </datafield>
          <datafield tag="505" ind1="0" ind2=" ">
            <subfield code="a">Front Cover; Advances in Applied Microbiology, Volume 45; Copyright Page; Contents; Chapter 1. One Gene to Whole Pathway: The Role of Norsolorinic Acid in Aflatoxin Research; I. Introduction.; II. Discovery; III. Aflatoxin Biosynthetic Pathway; IV. Enzymology; V. Molecular Genetics; VI. Strain Degeneration; VII. Reverse Genetics and Norsolorinic Acid; VIII. Conclusions; References; Chapter 2. Formation of Flavor Compounds in Cheese; I. Introduction; II. Glycolysis; III. Lipolysis; IV. Proteolysis; V. Catabolism of Amino Acids; VI. Chemistry of Cheese Off-Flavors; References</subfield>
          </datafield>
          <datafield tag="505" ind1="8" ind2=" ">
            <subfield code="a">Chapter 3. The Role of Microorganisms in Soy Sauce ProductionI. Introduction; II. Types and Composition of Soy Sauce; III. Aroma and Flavor of Shoyu; IV. Soy Sauce Production; V. Effect of Water Activity on Microorganisms; VI. Yeasts; VII. Bacteria; VIII. Production and Metabolism of Amino and Organic Acids in Moromi; IX. Production and Fate of Other Substances; X. Possible Role of Metal Ions in Soy Sauce Production; XI. Conclusion; References; Chapter 4. Gene Transfer Among Bacteria in Natural Environments; I. Introduction; II. Transformation; III. Conjugation; IV. Transduction</subfield>
          </datafield>
          <datafield tag="505" ind1="8" ind2=" ">
            <subfield code="a">V. Concluding RemarksReferences; Chapter 5. Breathing Manganese and Iron: Solid-State Respiration; I. Introduction; II. Respiration: Organismal and Environmental; III. Metal-Reducing Bacteria in Captivity; IV. Reduction of Metals by Iron and Manganese Reducers; V. Electron Transport In Metal Reducers; VI. Metal-Reducing Bacteria in Natural Environments; VII. Summary; References; Chapter 6. Enzymatic Deinking; I. Introduction; II. Enzymes Used in Deinking; III. Performance of Enzymes in Deinking; IV. Effect of Enzyme on Pulp Yield and the Quality of Fiber and Paper</subfield>
          </datafield>
          <datafield tag="505" ind1="8" ind2=" ">
            <subfield code="a">V. Possible Mechanisms of Enzymatic DeinkingVI. Factors Affecting Enzymatic Deinking; VII. Benefits of Enzymatic Deinking; VIII. Current Research Needs; IX. Conclusions; References; Chapter 7. Microbial Production of Docosahexaenoic Acid (DHA, C22:6); I. Introduction; II. Biosynthesis of Polyunsaturated Fatty Acids; III. Potential Microorganisms for DHA Production; IV. Kinetics of Microbial Growth and DHA Production; V. Factors Affecting Microbial DHA Production; VI. Downstream Processing; VII. Epilogue; References; Index; Contents of Previous Volumes</subfield>
          </datafield>
          <datafield tag="520" ind1=" " ind2=" ">
            <subfield code="a">Advances in Applied Microbiology</subfield>
          </datafield>
          <datafield tag="650" ind1=" " ind2="4">
            <subfield code="a">Microbiologie.</subfield>
          </datafield>
          <datafield tag="650" ind1=" " ind2="4">
            <subfield code="a">Microbiology.</subfield>
          </datafield>
          <datafield tag="650" ind1=" " ind2="4">
            <subfield code="a">Microbiology -- Periodicals.</subfield>
          </datafield>
          <datafield tag="650" ind1=" " ind2="4">
            <subfield code="a">Microbiology.</subfield>
          </datafield>
          <datafield tag="655" ind1=" " ind2="0">
            <subfield code="a">Electronic books.</subfield>
          </datafield>
          <datafield tag="700" ind1="1" ind2=" ">
            <subfield code="a">Laskin, Allen I.</subfield>
          </datafield>
          <datafield tag="760" ind1="0" ind2=" ">
            <subfield code="w">(CKB)954926956842</subfield>
          </datafield>
          <datafield tag="906" ind1=" " ind2=" ">
            <subfield code="a">BOOK</subfield>
          </datafield>
          <datafield tag="AVE" ind1=" " ind2=" ">
            <subfield code="m">Elsevier ScienceDirect Books</subfield>
            <subfield code="t">Elsevier ScienceDirect</subfield>
          </datafield>
          <datafield tag="AVE" ind1=" " ind2=" ">
            <subfield code="m">Elsevier ScienceDirect Books Complete</subfield>
            <subfield code="t">Elsevier ScienceDirect</subfield>
          </datafield>
        </record>
      </recordData>
      <recordPosition>3</recordPosition>
    </record>