
    <record>
      <recordSchema>marcxml</recordSchema>
      <recordPacking>xml</recordPacking>
      <recordData>
        <record xmlns="">
          <leader>03867nam a22003853u 4500</leader>
          <controlfield tag="001">999919804967102204</controlfield>
          <controlfield tag="005">20140113011047.0</controlfield>
          <controlfield tag="006">m        d</controlfield>
          <controlfield tag="007">cr -n---------</controlfield>
          <controlfield tag="008">140113s1996|||||||     s|||||||||||eng|d</controlfield>
          <datafield tag="020" ind1=" " ind2=" ">
            <subfield code="e">1-281-70992-1</subfield>
          </datafield>
          <datafield tag="020" ind1=" " ind2=" ">
            <subfield code="e">9786611709921</subfield>
          </datafield>
          <datafield tag="020" ind1=" " ind2=" ">
            <subfield code="e">0-08-056784-3</subfield>
          </datafield>
          <datafield tag="020" ind1=" " ind2=" ">
            <subfield code="a">0-12-016439-6</subfield>
          </datafield>
          <datafield tag="035" ind1=" " ind2=" ">
            <subfield code="a">(CKB)1000000000540696</subfield>
          </datafield>
          <datafield tag="035" ind1=" " ind2=" ">
            <subfield code="a">(EBL)403073</subfield>
          </datafield>
          <datafield tag="035" ind1=" " ind2=" ">
            <subfield code="a">(OCoLC)476213229</subfield>
          </datafield>
          <datafield tag="035" ind1=" " ind2=" ">
            <subfield code="a">(EXLCZ)991000000000540696</subfield>
          </datafield>
          <datafield tag="040" ind1=" " ind2=" ">
            <subfield code="a">AU-PeEL</subfield>
            <subfield code="b">eng</subfield>
            <subfield code="c">AU-PeEL</subfield>
            <subfield code="d">AU-PeEL</subfield>
          </datafield>
          <datafield tag="050" ind1=" " ind2="4">
            <subfield code="a">TX537</subfield>
          </datafield>
          <datafield tag="082" ind1="0" ind2="0">
            <subfield code="a">641.1072</subfield>
            <subfield code="a">664/.005</subfield>
          </datafield>
          <datafield tag="100" ind1="1" ind2=" ">
            <subfield code="a">Taylor, Steve.</subfield>
          </datafield>
          <datafield tag="210" ind1=" " ind2=" ">
            <subfield code="a">ADVANCES IN FOOD &amp; NUTRITION RESEARCH</subfield>
          </datafield>
          <datafield tag="210" ind1=" " ind2=" ">
            <subfield code="a">ADVANCES IN FOOD AND NUTRITION RESEARCH</subfield>
          </datafield>
          <datafield tag="245" ind1="1" ind2="0">
            <subfield code="a">Advances in food and nutrition research</subfield>
            <subfield code="h">[electronic resource].</subfield>
          </datafield>
          <datafield tag="260" ind1=" " ind2=" ">
            <subfield code="a">Burlington :</subfield>
            <subfield code="b">Elsevier Science,</subfield>
            <subfield code="c">1996.</subfield>
          </datafield>
          <datafield tag="300" ind1=" " ind2=" ">
            <subfield code="a">1 online resource (393 p.)</subfield>
          </datafield>
          <datafield tag="500" ind1=" " ind2=" ">
            <subfield code="a">Description based upon print version of record.</subfield>
          </datafield>
          <datafield tag="505" ind1="0" ind2=" ">
            <subfield code="a">Front Cover; Advances in Food and Nutrition Research, Volume 39; Copyright Page; Contents; Contributors to Volume 39; Chapter 1. The Rheology of Semlliquid Foods; I. Introduction; II. Basic Rheology Concepts; III. Experimental Methods; IV. Instrumentation in Fundamental Rheology; V. Constitutive Models; VI. Applications of Rheology in Characterizing Engineering Properties of Foods; VII. Summary and Research Needs; References; Chapter 2. Control of the Dehydration Process in Production of Intermediate-Moisture Meat Products: A Review; I. Introduction</subfield>
          </datafield>
          <datafield tag="505" ind1="8" ind2=" ">
            <subfield code="a">II. Traditional Production of IM Meat ProductsIII. Technology of Producing IM Pet Foods; IV. Preservation Principles and Their Application to IM Meats; V. Problems in Production of Different IM Meats; VI. Effects of Slaughtering, Handling, Chilling, Freezing, Storage, and Thawing on Muscle Properties; VII. Effects of Predrying Treatment and Handling of Muscle; VIII. Factors Influencing Absorption Phenomena in Meats/Meat Mixtures; IX. Mechanisms Involved in Meat Dehydration Systems; X. Quality Attributes as Affected by Dehydration and Its Associated Processes</subfield>
          </datafield>
          <datafield tag="505" ind1="8" ind2=" ">
            <subfield code="a">XI. Process Optimization for IM MeatsXII. Energy Costs for Production of IM Meat Products; XIII. Research Needs for IM Meats; XIV. Summary; References; Chapter 3. Cheese: Physical, Biochemical, and Nutritional Aspects; I. Introduction; II. Composition and Constituents of Milk; III. Conversion of Milk to Cheese Curd; IV. Biochemistry of Cheese Ripening; V. Cheese Flavor; VI. Cheese Texture; VII. Accelerated Cheese Ripening; VIII. Processed Cheese Products; IX. Nutritional and Safety Aspects of Cheese; X. Perspective; References; Chapter 4. Biogenic Amines in Fish and Shellfish; I. Introduction</subfield>
          </datafield>
          <datafield tag="505" ind1="8" ind2=" ">
            <subfield code="a">II. Nonvolatile Amine FormationIII. Amine Detoxification; IV. Bacterial Species with Decarboxylase Activity; V. Amines Presence in the Marine Ecosystem; VI. Amines Occurrence in Seafood; VII. Scombrotoxicosis; VIII. Amine Formation as an Indicator of Freshness in Seafoods; IX. Recommended Limits of Amine Content; X. Determination of Biogenic Amines in Fish; References; Index</subfield>
          </datafield>
          <datafield tag="520" ind1=" " ind2=" ">
            <subfield code="a">Advances in Food and Nutrition Research recognizes the integral relationship between the food and nutritional sciences and brings together outstanding and comprehensive reviews that highlight this relationship. Contributions detail the scientific developments in the broad areas encompassed by the fields of food science and nutrition and are intended to ensure that food scientists in academic and industry as well as professional nutritionists and dieticians are kept informed concerning emerging research and developments in these important disciplines.</subfield>
          </datafield>
          <datafield tag="650" ind1=" " ind2="4">
            <subfield code="a">Food -- Periodicals.</subfield>
          </datafield>
          <datafield tag="650" ind1=" " ind2="4">
            <subfield code="a">Food -- Research -- Periodicals.</subfield>
          </datafield>
          <datafield tag="650" ind1=" " ind2="4">
            <subfield code="a">Food technology.</subfield>
          </datafield>
          <datafield tag="650" ind1=" " ind2="4">
            <subfield code="a">Nutrition -- Periodicals.</subfield>
          </datafield>
          <datafield tag="650" ind1=" " ind2="4">
            <subfield code="a">Nutrition and dietetics.</subfield>
          </datafield>
          <datafield tag="655" ind1=" " ind2="0">
            <subfield code="a">Electronic books.</subfield>
          </datafield>
          <datafield tag="760" ind1="0" ind2=" ">
            <subfield code="w">(CKB)954927715364</subfield>
          </datafield>
          <datafield tag="906" ind1=" " ind2=" ">
            <subfield code="a">BOOK</subfield>
          </datafield>
          <datafield tag="AVE" ind1=" " ind2=" ">
            <subfield code="m">Elsevier ScienceDirect Books</subfield>
            <subfield code="t">Elsevier ScienceDirect</subfield>
          </datafield>
          <datafield tag="AVE" ind1=" " ind2=" ">
            <subfield code="m">Elsevier ScienceDirect Books Complete</subfield>
            <subfield code="t">Elsevier ScienceDirect</subfield>
          </datafield>
        </record>
      </recordData>
      <recordPosition>4</recordPosition>
    </record>