
    <record>
      <recordSchema>marcxml</recordSchema>
      <recordPacking>xml</recordPacking>
      <recordData>
        <record xmlns="">
          <leader>04830nam a22003973u 4500</leader>
          <controlfield tag="001">999919749318302204</controlfield>
          <controlfield tag="005">20140113011052.0</controlfield>
          <controlfield tag="006">m        d</controlfield>
          <controlfield tag="007">cr -n---------</controlfield>
          <controlfield tag="008">140113s2010|||||||     s|||||||||||eng|d</controlfield>
          <datafield tag="020" ind1=" " ind2=" ">
            <subfield code="e">1-282-69999-7</subfield>
          </datafield>
          <datafield tag="020" ind1=" " ind2=" ">
            <subfield code="e">9786612699993</subfield>
          </datafield>
          <datafield tag="020" ind1=" " ind2=" ">
            <subfield code="e">0-12-380943-6</subfield>
          </datafield>
          <datafield tag="020" ind1=" " ind2=" ">
            <subfield code="a">0-12-380942-8</subfield>
          </datafield>
          <datafield tag="035" ind1=" " ind2=" ">
            <subfield code="a">(CKB)2670000000035396</subfield>
          </datafield>
          <datafield tag="035" ind1=" " ind2=" ">
            <subfield code="a">(EBL)631982</subfield>
          </datafield>
          <datafield tag="035" ind1=" " ind2=" ">
            <subfield code="a">(OCoLC)694141494</subfield>
          </datafield>
          <datafield tag="035" ind1=" " ind2=" ">
            <subfield code="a">(EXLCZ)992670000000035396</subfield>
          </datafield>
          <datafield tag="040" ind1=" " ind2=" ">
            <subfield code="a">AU-PeEL</subfield>
            <subfield code="b">eng</subfield>
            <subfield code="c">AU-PeEL</subfield>
            <subfield code="d">AU-PeEL</subfield>
          </datafield>
          <datafield tag="050" ind1=" " ind2="4">
            <subfield code="a">TX537</subfield>
          </datafield>
          <datafield tag="082" ind1="0" ind2="0">
            <subfield code="a">664</subfield>
            <subfield code="a">664.005</subfield>
          </datafield>
          <datafield tag="100" ind1="1" ind2=" ">
            <subfield code="a">Taylor, Steve.</subfield>
          </datafield>
          <datafield tag="210" ind1=" " ind2=" ">
            <subfield code="a">Advances in Food and Nutrition Research</subfield>
          </datafield>
          <datafield tag="245" ind1="1" ind2="0">
            <subfield code="a">Advances in food and nutrition research</subfield>
            <subfield code="h">[electronic resource] :</subfield>
            <subfield code="b">Volume 59</subfield>
          </datafield>
          <datafield tag="260" ind1=" " ind2=" ">
            <subfield code="a">Burlington :</subfield>
            <subfield code="b">Elsevier Science,</subfield>
            <subfield code="c">2010.</subfield>
          </datafield>
          <datafield tag="300" ind1=" " ind2=" ">
            <subfield code="a">1 online resource (280 p.)</subfield>
          </datafield>
          <datafield tag="500" ind1=" " ind2=" ">
            <subfield code="a">Description based upon print version of record.</subfield>
          </datafield>
          <datafield tag="505" ind1="0" ind2=" ">
            <subfield code="a">Front Cover; Advances in Food and Nutrition Research; Copyright Page; Contents; Contributors; Chapter 1: Dairy Food Consumption and Obesity-Related Chronic Disease; I. Introduction; II. Obesity-Related Chronic Disease; A. Obesity and insulin resistance; B. Metabolic syndrome and type 2 diabetes; C. Cardiovascular diseases; III. Dietary Fat and Obesity-Related Chronic Disease; IV. Dairy Foods and Obesity-Related Chronic Disease; A. Dairy food intake, obesity, and weight management; B. Dairy food intake, metabolic syndrome, and type 2 diabetes; C. Dairy food intake and cardiovascular diseases</subfield>
          </datafield>
          <datafield tag="505" ind1="8" ind2=" ">
            <subfield code="a">V. Components of Dairy FoodVI. Effects of Dairy Food Components; A. Micronutrients; B. Milk-derived peptides; C. Trans-fatty acids; D. Conjugated linoleic acid; E. Saturated fats; F. Total dairy fats; VII. Effects of Individual Dairy Foods; VIII. Biomarkers of Milk Fat Intake; A. Coronary heart disease; B. Stroke; C. Type 2 diabetes mellitus; IX. Possible Mechanisms of Effect; A. Calcium flux; B. Fecal fat excretion; C. Fat oxidation; D. Satiation; E. Nutrigenomic effects; X. Conclusion; References; Chapter 2: Pesticides' Influence on Wine Fermentation; I. Introduction</subfield>
          </datafield>
          <datafield tag="505" ind1="8" ind2=" ">
            <subfield code="a">II. Grapevine PathogensA. Downy mildew (P. viticola); B. Powdery mildew (U. necator); C. Gray mold (B. cinerea); D. Grape moth (L. botrana); E. Vine and the citrus mealybugs (P. ficus and P. citri); III. Pesticides; IV. Fermentation Process; A. Alcoholic fermentation; B. Pesticide effect on yeasts; C. Effect of alcoholic fermentation on pesticide residues; V. Malolactic Fermentation; A. Pesticide effect on lactic bacteria; B. Effect of malolactic fermentation on pesticide residues; References; Chapter 3: Transmission of Chagas Disease (American Trypanosomiasis) by Food</subfield>
          </datafield>
          <datafield tag="505" ind1="8" ind2=" ">
            <subfield code="a">I. Chagas Disease (American Trypanosomiasis)II. Discovery; III. T. cruzi Life Cycle; IV. Phases and Symptoms; V. Diagnoses and Treatment; VI. Transmission Routes; VII. Chagas Disease Experimentally Transmitted by the Oral Route in Animals; VIII. Transmission of Chagas Disease by the Oral Route in Humans; IX. The Influence of the T. cruzi Strain in the Transmission of Chagas Disease by the Oral Route; X. Acute Chagas Disease Outbreaks Associated with Food in Brazil; XI. Other Acute Chagas Disease Outbreaks Associated with Food; XII. T. cruzi Control (in food); XIII. Final Considerations</subfield>
          </datafield>
          <datafield tag="505" ind1="8" ind2=" ">
            <subfield code="a">ReferencesChapter 4: Nuclear Magnetic Resonance and Chemometrics to Assess Geographical Origin and Quality of Traditional Food Products; I. Introduction; A. Food characterization; B. NMR techniques; C. Chemometrics; II. Geographical Origin of Foods; A. Wine; B. Olive oil; C. Cheese; D. Cereals; E. Honey; F. Fish; G. Meat; H. Other foods; III. Quality and Authenticity of Foods; A. Wine and beer; B. Vegetables; C. Balsamic and Traditional Balsamic Vinegar of Modena; D. Fruit juice; E. Olive oil; F. Fish and meat; G. Dairy products; H. Honey; I. Coffee; J. Vanilla; IV. Conclusions; References</subfield>
          </datafield>
          <datafield tag="505" ind1="8" ind2=" ">
            <subfield code="a">Chapter 5: Chemical and Instrumental Approaches to Cheese Analysis</subfield>
          </datafield>
          <datafield tag="520" ind1=" " ind2=" ">
            <subfield code="a">Advances in Food and Nutrition Research recognizes the integral relationship between the food and nutritional sciences and brings together outstanding and comprehensive reviews that highlight this relationship. Contributions detail scientific developments in the broad areas of food science and nutrition and are intended to provide those in academia and industry with the latest information on emerging research in these constantly evolving sciences.*The latest important information for food scientists and nutritionists *Peer-reviewed articles by a panel of respected scientists</subfield>
          </datafield>
          <datafield tag="650" ind1=" " ind2="4">
            <subfield code="a">Food -- Periodicals.</subfield>
          </datafield>
          <datafield tag="650" ind1=" " ind2="4">
            <subfield code="a">Food -- Research -- Periodicals.</subfield>
          </datafield>
          <datafield tag="650" ind1=" " ind2="4">
            <subfield code="a">Nutrition -- Periodicals.</subfield>
          </datafield>
          <datafield tag="650" ind1=" " ind2="4">
            <subfield code="a">Nutrition -- Research -- Periodicals.</subfield>
          </datafield>
          <datafield tag="655" ind1=" " ind2="0">
            <subfield code="a">Electronic books.</subfield>
          </datafield>
          <datafield tag="760" ind1="0" ind2=" ">
            <subfield code="w">(CKB)954927715364</subfield>
          </datafield>
          <datafield tag="906" ind1=" " ind2=" ">
            <subfield code="a">BOOK</subfield>
          </datafield>
          <datafield tag="AVE" ind1=" " ind2=" ">
            <subfield code="m">Elsevier ScienceDirect Books</subfield>
            <subfield code="t">Elsevier ScienceDirect</subfield>
          </datafield>
          <datafield tag="AVE" ind1=" " ind2=" ">
            <subfield code="m">Elsevier ScienceDirect Books Complete</subfield>
            <subfield code="t">Elsevier ScienceDirect</subfield>
          </datafield>
        </record>
      </recordData>
      <recordPosition>5</recordPosition>
    </record>