
    <record>
      <recordSchema>marcxml</recordSchema>
      <recordPacking>xml</recordPacking>
      <recordData>
        <record xmlns="">
          <leader>02908nam a22004093u 4500</leader>
          <controlfield tag="001">999919804969302204</controlfield>
          <controlfield tag="005">20140113011047.0</controlfield>
          <controlfield tag="006">m        d</controlfield>
          <controlfield tag="007">cr -n---------</controlfield>
          <controlfield tag="008">140113s1968|||||||     s|||||||||||eng|d</controlfield>
          <datafield tag="020" ind1=" " ind2=" ">
            <subfield code="e">1-281-70983-2</subfield>
          </datafield>
          <datafield tag="020" ind1=" " ind2=" ">
            <subfield code="e">9786611709839</subfield>
          </datafield>
          <datafield tag="020" ind1=" " ind2=" ">
            <subfield code="e">0-08-056761-4</subfield>
          </datafield>
          <datafield tag="020" ind1=" " ind2=" ">
            <subfield code="a">0-12-016416-7</subfield>
          </datafield>
          <datafield tag="035" ind1=" " ind2=" ">
            <subfield code="a">(CKB)1000000000540687</subfield>
          </datafield>
          <datafield tag="035" ind1=" " ind2=" ">
            <subfield code="a">(EBL)403082</subfield>
          </datafield>
          <datafield tag="035" ind1=" " ind2=" ">
            <subfield code="a">(OCoLC)476213274</subfield>
          </datafield>
          <datafield tag="035" ind1=" " ind2=" ">
            <subfield code="a">(EXLCZ)991000000000540687</subfield>
          </datafield>
          <datafield tag="040" ind1=" " ind2=" ">
            <subfield code="a">AU-PeEL</subfield>
            <subfield code="b">eng</subfield>
            <subfield code="c">AU-PeEL</subfield>
            <subfield code="d">AU-PeEL</subfield>
          </datafield>
          <datafield tag="050" ind1=" " ind2="4">
            <subfield code="a">TX537 .A25</subfield>
          </datafield>
          <datafield tag="082" ind1="0" ind2="0">
            <subfield code="a">641.1072</subfield>
          </datafield>
          <datafield tag="100" ind1="1" ind2=" ">
            <subfield code="a">Chichester, C.O.</subfield>
          </datafield>
          <datafield tag="245" ind1="1" ind2="0">
            <subfield code="a">Advances in food research</subfield>
            <subfield code="h">[electronic resource].</subfield>
          </datafield>
          <datafield tag="260" ind1=" " ind2=" ">
            <subfield code="a">Burlington :</subfield>
            <subfield code="b">Elsevier Science,</subfield>
            <subfield code="c">1968.</subfield>
          </datafield>
          <datafield tag="300" ind1=" " ind2=" ">
            <subfield code="a">1 online resource (473 p.)</subfield>
          </datafield>
          <datafield tag="500" ind1=" " ind2=" ">
            <subfield code="a">Description based upon print version of record.</subfield>
          </datafield>
          <datafield tag="505" ind1="0" ind2=" ">
            <subfield code="a">Front Cover; Advances in Food Research, Volume 16; Copyright Page; Contents; Contributors to Volume 16; Chapter 1. Processed Vegetable Protein Mixtures for Human Consumption in Developing Countries; I. Introduction; II. Vegetable Protein Sources for Human Feeding; III. Factors Affecting Protein Value; IV. Improvement of the Nutritive Value of Vegetable Proteins; V. Utilization of Vegetable Proteins; VI. Some Observations on the Utilization of Vegetable Proteins; VII. General Conclusions; References; Chapter 2. Meat Emulsions; I. Introduction; II. Theory of Meat Emulsions</subfield>
          </datafield>
          <datafield tag="505" ind1="8" ind2=" ">
            <subfield code="a">III. Model Systems for Studying Meat EmulsionsIV. Factors Affecting the Production of Meat Emulsions; V. Texture of Meat Emulsions; VI. Color of Meat Emulsions; VII. Casings for Meat Emulsions; VIII. Additional Research Needs; References; Chapter 3. Food Quality as Determined by Metabolic By-Products of Microorganisms; I. Introduction; II. Definition and Critera for Chemical Indicators; III. Chemical Indicators of Quality for Foods with High Protein Content; IV. Chemical Indicators of Quality for Foods with High Fat Content</subfield>
          </datafield>
          <datafield tag="505" ind1="8" ind2=" ">
            <subfield code="a">V. Chemical Indicators of Quality for Foods with High Carbohydrate ContentVI. Research Needs; References; Chapter 4. The Chemistry and Biochemistry of Cheese Ripening; I. Introduction; II. Substances in Cheese Ripening; III. Enzymatic Processes; References; Chapter 5. Relation between Chemical Composition and Bread-Making Potentialities of Wheat Flour; I. Introduction; II. Flour Strength and the Banking Test; III. Proteins; IV. Carbohydrates; V. Lipids; VI. Enzymes; VII. Research Needs; References; Subject Index</subfield>
          </datafield>
          <datafield tag="520" ind1=" " ind2=" ">
            <subfield code="a">ADVANCES IN FOOD RESEARCH VOLUME 16</subfield>
          </datafield>
          <datafield tag="650" ind1=" " ind2="4">
            <subfield code="a">Food -- Periodicals.</subfield>
          </datafield>
          <datafield tag="650" ind1=" " ind2="4">
            <subfield code="a">Food -- Research -- Periodicals.</subfield>
          </datafield>
          <datafield tag="650" ind1=" " ind2="4">
            <subfield code="a">Food -- Research.</subfield>
          </datafield>
          <datafield tag="650" ind1=" " ind2="4">
            <subfield code="a">Food.</subfield>
          </datafield>
          <datafield tag="650" ind1=" " ind2="4">
            <subfield code="a">Nutrition -- Periodicals.</subfield>
          </datafield>
          <datafield tag="650" ind1=" " ind2="4">
            <subfield code="a">Nutrition.</subfield>
          </datafield>
          <datafield tag="655" ind1=" " ind2="0">
            <subfield code="a">Electronic books.</subfield>
          </datafield>
          <datafield tag="700" ind1="1" ind2=" ">
            <subfield code="a">Mrak, E.M.</subfield>
          </datafield>
          <datafield tag="700" ind1="1" ind2=" ">
            <subfield code="a">Stewart, George Franklin.</subfield>
          </datafield>
          <datafield tag="760" ind1="0" ind2=" ">
            <subfield code="w">(CKB)954927588284</subfield>
          </datafield>
          <datafield tag="906" ind1=" " ind2=" ">
            <subfield code="a">BOOK</subfield>
          </datafield>
          <datafield tag="AVE" ind1=" " ind2=" ">
            <subfield code="m">Elsevier ScienceDirect Books</subfield>
            <subfield code="t">Elsevier ScienceDirect</subfield>
          </datafield>
          <datafield tag="AVE" ind1=" " ind2=" ">
            <subfield code="m">Elsevier ScienceDirect Books Complete</subfield>
            <subfield code="t">Elsevier ScienceDirect</subfield>
          </datafield>
        </record>
      </recordData>
      <recordPosition>6</recordPosition>
    </record>