
    <record>
      <recordSchema>marcxml</recordSchema>
      <recordPacking>xml</recordPacking>
      <recordData>
        <record xmlns="">
          <leader>04737nam a22004213u 4500</leader>
          <controlfield tag="001">999919792525202204</controlfield>
          <controlfield tag="005">20151005070255.0</controlfield>
          <controlfield tag="006">m        d</controlfield>
          <controlfield tag="007">cr -n---------</controlfield>
          <controlfield tag="008">151005s2014|||||||     s|||||||||||eng|d</controlfield>
          <datafield tag="020" ind1=" " ind2=" ">
            <subfield code="e">3-319-10157-9</subfield>
          </datafield>
          <datafield tag="020" ind1=" " ind2=" ">
            <subfield code="a">3-319-10156-0</subfield>
          </datafield>
          <datafield tag="035" ind1=" " ind2=" ">
            <subfield code="a">(CKB)3710000000261959</subfield>
          </datafield>
          <datafield tag="035" ind1=" " ind2=" ">
            <subfield code="a">(EBL)1967022</subfield>
          </datafield>
          <datafield tag="035" ind1=" " ind2=" ">
            <subfield code="a">(OCoLC)893608019</subfield>
          </datafield>
          <datafield tag="035" ind1=" " ind2=" ">
            <subfield code="a">(EXLCZ)993710000000261959</subfield>
          </datafield>
          <datafield tag="040" ind1=" " ind2=" ">
            <subfield code="a">AU-PeEL</subfield>
            <subfield code="b">eng</subfield>
            <subfield code="c">AU-PeEL</subfield>
            <subfield code="d">AU-PeEL</subfield>
          </datafield>
          <datafield tag="050" ind1=" " ind2="4">
            <subfield code="a">HD69.P75</subfield>
          </datafield>
          <datafield tag="050" ind1=" " ind2="4">
            <subfield code="a">QA76.758</subfield>
          </datafield>
          <datafield tag="082" ind1="0" ind2="0">
            <subfield code="a">004</subfield>
            <subfield code="a">005.1</subfield>
            <subfield code="a">658404</subfield>
          </datafield>
          <datafield tag="100" ind1="1" ind2=" ">
            <subfield code="a">Hazzan, Orit.</subfield>
          </datafield>
          <datafield tag="245" ind1="1" ind2="0">
            <subfield code="a">Agile Anywhere</subfield>
            <subfield code="h">[electronic resource] :</subfield>
            <subfield code="b">Essays on Agile Projects and Beyond</subfield>
          </datafield>
          <datafield tag="246" ind1=" " ind2=" ">
            <subfield code="a">Agile Anywhere</subfield>
          </datafield>
          <datafield tag="260" ind1=" " ind2=" ">
            <subfield code="a">Cham :</subfield>
            <subfield code="b">Springer International Publishing,</subfield>
            <subfield code="c">2014.</subfield>
          </datafield>
          <datafield tag="300" ind1=" " ind2=" ">
            <subfield code="a">1 online resource (74 p.)</subfield>
          </datafield>
          <datafield tag="490" ind1="1" ind2=" ">
            <subfield code="a">SpringerBriefs in Computer Science</subfield>
          </datafield>
          <datafield tag="500" ind1=" " ind2=" ">
            <subfield code="a">Description based upon print version of record.</subfield>
          </datafield>
          <datafield tag="505" ind1="0" ind2=" ">
            <subfield code="a">""Contents""; ""1 Introduction to Agile Anywhere""; ""Abstract ""; ""1.1 Agile Guidelines""; ""2 From First to Second Edition""; ""Abstract ""; ""2.1 Three Perspectives of Software Engineering""; ""2.2 Education in Finland from the Agile Anywhere Perspective""; ""2.2.1 Thematic Perspective""; ""2.2.2 Organizational Perspective""; ""2.2.3 Human Perspective""; ""2.2.4 Agile Education and Development""; ""2.3 Summary""; ""References""; ""3 The Agile Manifesto""; ""Abstract ""; ""3.1 The Agile Manifesto""; ""3.1.1 Individuals and Interactions Over Processes and Tools""</subfield>
          </datafield>
          <datafield tag="505" ind1="8" ind2=" ">
            <subfield code="a">""3.1.2 Working Software Over Comprehensive Documentation""""3.1.3 Customer Collaboration Over Contract Negotiation""; ""3.1.4 Responding to Change Over Following a Plan""; ""3.2 Application to Agile Projects""; ""3.3 Summary""; ""References""; ""4 Change""; ""Abstract ""; ""4.1 A Conceptual Framework for Change Introduction""; ""4.1.1 Applying Plotkinâ€?s Framework on Changes in Requirements""; ""4.2 Illustrations from Who Moved My Cheese?""; ""4.2.1 Change Characteristics""; ""4.2.2 Behavior While Change""; ""4.2.3 Change Emotions""; ""4.3 Summary""; ""References""; ""5 Team""</subfield>
          </datafield>
          <datafield tag="505" ind1="8" ind2=" ">
            <subfield code="a">""Abstract """"5.1 A Role Scheme of Agile Teams""; ""5.1.1 Human Perspective on the Role Scheme""; ""5.1.2 Using the Role Scheme to Scale Agile Projects""; ""5.2 Leadership""; ""5.3 Summary""; ""References""; ""6 Customers and Users""; ""Abstract ""; ""6.1 The Customer""; ""6.1.1 Agile Practices Related to the Customer Role""; ""6.1.2 Project Schedule and the Business Day""; ""6.2 The User""; ""6.2.1 Agile and HCI Practices Related to the User""; ""6.2.2 User Centered Design (UCD)""; ""6.3 Summary""; ""References""; ""7 Time""; ""Abstract ""; ""7.1 Sustainable Pace""</subfield>
          </datafield>
          <datafield tag="505" ind1="8" ind2=" ">
            <subfield code="a">""7.2 Time Measurements""""7.3 Prioritizing Tasks""; ""7.4 Time-Related Problems of Software Projects""; ""7.5 Summary""; ""References""; ""8 Measures""; ""Abstract ""; ""8.1 Why Are Measures Needed?""; ""8.2 Who Decides What Is Measured?""; ""8.3 What Should Be Measured?""; ""8.4 When Are Measures Taken?""; ""8.5 How Are Measures Taken?""; ""8.6 Who Does Take Measure?""; ""8.7 How Are Measures Used?""; ""8.8 Illustration for the Case of a Software Project""; ""8.9 Summary""; ""References""; ""9 Quality""; ""Abstract ""; ""9.1 The Agile Approach to Quality""; ""9.1.1 Process Quality""</subfield>
          </datafield>
          <datafield tag="505" ind1="8" ind2=" ">
            <subfield code="a">""9.1.2 Product Quality""""9.2 Test-Driven Development""; ""9.3 Summary""; ""References""; ""10 Learning""; ""Abstract ""; ""10.1 Agile Project from the Constructivist Perspective""; ""10.2 Short Releases and Iterations""; ""10.3 Summary""; ""References""; ""11 Abstraction""; ""Abstract ""; ""11.1 Abstraction Levels in Agile Projects""; ""11.2 Summary""; ""References""; ""12 Trust""; ""Abstract ""; ""12.1 Process Transparency""; ""12.2 Ethics ""; ""12.3 Diversity""; ""12.4 Summary""; ""References""; ""13 Globalization""; ""Abstract ""; ""13.1 Agile Global Product Development""</subfield>
          </datafield>
          <datafield tag="505" ind1="8" ind2=" ">
            <subfield code="a">""13.2 Software Projects and Culture""</subfield>
          </datafield>
          <datafield tag="520" ind1=" " ind2=" ">
            <subfield code="a">The message conveyed in this work is that &lt;i>agility&lt;/i> can be implemented &lt;i>anywhere&lt;/i>. Accordingly, ten guidelines are presented for the adoption of agility to enable us to cope with changes in our lives, in our teams, and in our organizations.  Since the authors advocate agility, the content is presented in the form of concise standalone chapters, allowing the reader to focus on the specific topic they wish to adopt in order to become agile.</subfield>
          </datafield>
          <datafield tag="650" ind1=" " ind2="4">
            <subfield code="a">Computer science.</subfield>
          </datafield>
          <datafield tag="650" ind1=" " ind2="4">
            <subfield code="a">Software engineering.</subfield>
          </datafield>
          <datafield tag="655" ind1=" " ind2="0">
            <subfield code="a">Electronic books.</subfield>
          </datafield>
          <datafield tag="700" ind1="1" ind2=" ">
            <subfield code="a">Dubinsky, Yael.</subfield>
          </datafield>
          <datafield tag="830" ind1=" " ind2="0">
            <subfield code="a">SpringerBriefs in Computer Science</subfield>
          </datafield>
          <datafield tag="906" ind1=" " ind2=" ">
            <subfield code="a">BOOK</subfield>
          </datafield>
          <datafield tag="AVE" ind1=" " ind2=" ">
            <subfield code="m">SpringerLink Books Complete</subfield>
            <subfield code="t">Springer Link</subfield>
          </datafield>
        </record>
      </recordData>
      <recordPosition>7</recordPosition>
    </record>