
    <record>
      <recordSchema>marcxml</recordSchema>
      <recordPacking>xml</recordPacking>
      <recordData>
        <record xmlns="">
          <leader>-----cam-a22-----z--4500</leader>
          <controlfield tag="001">999919777868502204</controlfield>
          <controlfield tag="008">121018u1794uuuuuuuuu-|------u|----|eng-d</controlfield>
          <datafield tag="035" ind1=" " ind2=" ">
            <subfield code="a">(CKB)3360000000217372</subfield>
          </datafield>
          <datafield tag="035" ind1=" " ind2=" ">
            <subfield code="a">(EXLCZ)993360000000217372</subfield>
          </datafield>
          <datafield tag="245" ind1=" " ind2=" ">
            <subfield code="a">An essay on manufacturing milk into butter and cheese and on calf-feeding, &amp;c. intended for the perusal and benefit of farmers. By James Stele</subfield>
          </datafield>
          <datafield tag="260" ind1=" " ind2=" ">
            <subfield code="a">Glasgow</subfield>
          </datafield>
          <datafield tag="906" ind1=" " ind2=" ">
            <subfield code="a">DOCUMENT</subfield>
          </datafield>
          <datafield tag="AVE" ind1=" " ind2=" ">
            <subfield code="m">Gale Eighteenth Century Collections Online I</subfield>
            <subfield code="t">Galegroup</subfield>
          </datafield>
        </record>
      </recordData>
      <recordPosition>8</recordPosition>
    </record>