
    <record>
      <recordSchema>marcxml</recordSchema>
      <recordPacking>xml</recordPacking>
      <recordData>
        <record xmlns="">
          <leader>04883nam a22004093u 4500</leader>
          <controlfield tag="001">999919794925202204</controlfield>
          <controlfield tag="005">20140210011039.0</controlfield>
          <controlfield tag="006">m        d</controlfield>
          <controlfield tag="007">cr -n---------</controlfield>
          <controlfield tag="008">140210s2013|||||||     s|||||||||||eng|d</controlfield>
          <datafield tag="020" ind1=" " ind2=" ">
            <subfield code="e">1-4471-5349-9</subfield>
          </datafield>
          <datafield tag="020" ind1=" " ind2=" ">
            <subfield code="a">1-4471-5348-0</subfield>
          </datafield>
          <datafield tag="035" ind1=" " ind2=" ">
            <subfield code="a">(CKB)3710000000074024</subfield>
          </datafield>
          <datafield tag="035" ind1=" " ind2=" ">
            <subfield code="a">(EBL)1592393</subfield>
          </datafield>
          <datafield tag="035" ind1=" " ind2=" ">
            <subfield code="a">(EXLCZ)993710000000074024</subfield>
          </datafield>
          <datafield tag="040" ind1=" " ind2=" ">
            <subfield code="a">AU-PeEL</subfield>
            <subfield code="b">eng</subfield>
            <subfield code="c">AU-PeEL</subfield>
            <subfield code="d">AU-PeEL</subfield>
          </datafield>
          <datafield tag="050" ind1=" " ind2="4">
            <subfield code="a">TS155</subfield>
          </datafield>
          <datafield tag="082" ind1="0" ind2="0">
            <subfield code="a">658.5</subfield>
          </datafield>
          <datafield tag="100" ind1="1" ind2=" ">
            <subfield code="a">Prado-Prado, J. Carlos.</subfield>
          </datafield>
          <datafield tag="245" ind1="1" ind2="0">
            <subfield code="a">Annals of Industrial Engineering 2012</subfield>
            <subfield code="h">[electronic resource] :</subfield>
            <subfield code="b">Industrial Engineering: overcoming the crisis</subfield>
          </datafield>
          <datafield tag="246" ind1=" " ind2=" ">
            <subfield code="a">Annals of Industrial Engineering 2012 – Industrial Engineering</subfield>
          </datafield>
          <datafield tag="246" ind1=" " ind2=" ">
            <subfield code="a">Annals of Industrial Engineering 2012</subfield>
          </datafield>
          <datafield tag="260" ind1=" " ind2=" ">
            <subfield code="a">Dordrecht :</subfield>
            <subfield code="b">Springer,</subfield>
            <subfield code="c">2013.</subfield>
          </datafield>
          <datafield tag="300" ind1=" " ind2=" ">
            <subfield code="a">1 online resource (362 p.)</subfield>
          </datafield>
          <datafield tag="500" ind1=" " ind2=" ">
            <subfield code="a">Description based upon print version of record.</subfield>
          </datafield>
          <datafield tag="505" ind1="0" ind2=" ">
            <subfield code="a">Preface; Contents; Part IBusiness Administration and Economic Environment; 1 A Characterization of Types and Determinant Factors for Corporate Entrepreneurship: A Case Study Based Analysis; 1.1...Conceptual Model; 1.2...Research Methodology: Case Studies; 1.3...Characterization of the Companies in the Study; 1.4...Some Preliminary Results; 1.4.1 Characteristics of New Activities and Ventures; 1.4.2 Influence of the ''Context'': the Internal Factors; 1.5...Final Conclusions; References</subfield>
          </datafield>
          <datafield tag="505" ind1="8" ind2=" ">
            <subfield code="a">2 Activity Based Costing, Time-Driven Activity Based Costing and Lean Accounting: Differences Among Three Accounting Systems' Approach to Manufacturing2.1...Introduction; 2.2...Literature; 2.2.1 Activity Based Costing; 2.2.2 Time-Driven Activity Based Costing; 2.2.3 Lean Accounting; 2.3...Discussion; 2.3.1 Financial Reporting; 2.3.2 Decision Making and Planning; 2.3.3 Operational Control and Improvement; 2.4...Conclusions; References; 3 Operational Characterisation of a Micro-SME Producing Farmhouse Cheese in the South of Venezuela; 3.1...Introduction; 3.2...Methodology Aspects; 3.3...Results</subfield>
          </datafield>
          <datafield tag="505" ind1="8" ind2=" ">
            <subfield code="a">3.4...ConclusionsReferences; 4 Analysis of the Operating Efficiency of Mobile Operators During the 2002--2008 Period; 4.1...Introduction; 4.2...The Spanish Mobile Telephone Market; 4.2.1 Structure and Market Size; 4.2.2 Market Evolution During the 2002--2008 Period; 4.3...Analysis of the Spanish Case; 4.3.1 Evolution of Operating Gross Margin in the Spanish Market; 4.3.2 Relationship Between Revenue and EBITDA Margin: Quantifying Efficiency Through Linear Regression; 4.3.3 Conclusions from the Spanish Market; 4.4...The European Environment; 4.4.1 France; 4.4.2 Germany; 4.5...Conclusions of the Study</subfield>
          </datafield>
          <datafield tag="505" ind1="8" ind2=" ">
            <subfield code="a">References5 Challenges in Data-driven Hotel Infrastructure Assignment Decisions; 5.1...Introduction and Related Work; 5.2...Hotel Infrastructure Assignment Decisions; 5.3...Challenges in Hotel Infrastructure Assignment Decision-Making; 5.4...From a Single Customer to Sets of Customers; 5.5...Supporting HIADs with Data Mining and Micro-Simulation; 5.6...Conclusions; References; 6 Economic Analysis of the Renewable Energy Policies in the European Union; 6.1...Energy Policies in the European Union; 6.2...Renewable Energy Policies; 6.2.1 Electricity; 6.2.2 Transport; 6.3...Future Perspectives; 6.4...Conclusions</subfield>
          </datafield>
          <datafield tag="505" ind1="8" ind2=" ">
            <subfield code="a">References7 Analyzing the Chinese Development and Its Impacts on the Brazilian Economy; 7.1...Introduction; 7.2...Methodology; 7.3...China: Considerations About Development Policies and Economic and Entrepreneurial Structure; 7.4...Impacts of the Development of China in Brazilian Economy; 7.5...Final Considerations; 8 Rethinking the Social Contract: An Agent-Based Model Approach; 8.1...Introduction; 8.2...ABM and Market Behavior; 8.3...Our Agent-Based Market Model; 8.3.1 The Institution: CDA; 8.3.2 The Environment; 8.3.3 The Agents' Behaviour; 8.4...Simulations and Main Results; 8.4.1 Market Efficiency</subfield>
          </datafield>
          <datafield tag="505" ind1="8" ind2=" ">
            <subfield code="a">8.4.2 Wealth Distribution</subfield>
          </datafield>
          <datafield tag="520" ind1=" " ind2=" ">
            <subfield code="a">Proceedings of the 6th International Conference on Industrial Engineering and Industrial Management and the XVI Congreso de Ingeniería de Organización (CIO 2012). The aim of CIO is to establish a forum for the open and free exchange of ideas, opinions and academic experiences about research, technology transfer or successful business experiences in the field of Industrial Engineering. The CIO 2012 is an annual meeting promoted by "Asociación para el Desarrollo de la Ingeniería de Organización" (Industrial Engineers Association, ADINGOR) with a  Scientific Committee composed of 61 international</subfield>
          </datafield>
          <datafield tag="650" ind1=" " ind2="4">
            <subfield code="a">Factory management.</subfield>
          </datafield>
          <datafield tag="650" ind1=" " ind2="4">
            <subfield code="a">Industrial engineering.</subfield>
          </datafield>
          <datafield tag="650" ind1=" " ind2="4">
            <subfield code="a">Mechanical engineering.</subfield>
          </datafield>
          <datafield tag="655" ind1=" " ind2="0">
            <subfield code="a">Electronic books.</subfield>
          </datafield>
          <datafield tag="700" ind1="1" ind2=" ">
            <subfield code="a">García-Arca, Jesús.</subfield>
          </datafield>
          <datafield tag="700" ind1="1" ind2=" ">
            <subfield code="a">Ros&amp;#x2013;McDonnell, Lorenzo.</subfield>
          </datafield>
          <datafield tag="700" ind1="1" ind2=" ">
            <subfield code="a">Giménez, Luis Onieva-.</subfield>
          </datafield>
          <datafield tag="906" ind1=" " ind2=" ">
            <subfield code="a">BOOK</subfield>
          </datafield>
          <datafield tag="AVE" ind1=" " ind2=" ">
            <subfield code="m">SpringerLink Books Complete</subfield>
            <subfield code="t">Springer Link</subfield>
          </datafield>
        </record>
      </recordData>
      <recordPosition>9</recordPosition>
    </record>