
    <record>
      <recordSchema>marcxml</recordSchema>
      <recordPacking>xml</recordPacking>
      <recordData>
        <record xmlns="">
          <leader>04767nam a22003853u 4500</leader>
          <controlfield tag="001">999919793895802204</controlfield>
          <controlfield tag="005">20151005070250.0</controlfield>
          <controlfield tag="006">m        d</controlfield>
          <controlfield tag="007">cr -n---------</controlfield>
          <controlfield tag="008">151005s2014|||||||     s|||||||||||ger|d</controlfield>
          <datafield tag="020" ind1=" " ind2=" ">
            <subfield code="e">3-662-44814-9</subfield>
          </datafield>
          <datafield tag="020" ind1=" " ind2=" ">
            <subfield code="a">3-662-44813-0</subfield>
          </datafield>
          <datafield tag="035" ind1=" " ind2=" ">
            <subfield code="a">(CKB)3710000000324604</subfield>
          </datafield>
          <datafield tag="035" ind1=" " ind2=" ">
            <subfield code="a">(EBL)1966124</subfield>
          </datafield>
          <datafield tag="035" ind1=" " ind2=" ">
            <subfield code="a">(OCoLC)908085129</subfield>
          </datafield>
          <datafield tag="035" ind1=" " ind2=" ">
            <subfield code="a">(EXLCZ)993710000000324604</subfield>
          </datafield>
          <datafield tag="040" ind1=" " ind2=" ">
            <subfield code="a">AU-PeEL</subfield>
            <subfield code="b">eng</subfield>
            <subfield code="c">AU-PeEL</subfield>
            <subfield code="d">AU-PeEL</subfield>
          </datafield>
          <datafield tag="050" ind1=" " ind2="4">
            <subfield code="a">T59.5</subfield>
          </datafield>
          <datafield tag="082" ind1="0" ind2="0">
            <subfield code="a">620</subfield>
            <subfield code="a">629.892</subfield>
            <subfield code="a">658.5</subfield>
          </datafield>
          <datafield tag="100" ind1="1" ind2=" ">
            <subfield code="a">Ullrich, Günter.</subfield>
          </datafield>
          <datafield tag="245" ind1="1" ind2="0">
            <subfield code="a">Automated Guided Vehicle Systems</subfield>
            <subfield code="h">[electronic resource] :</subfield>
            <subfield code="b">A Primer with Practical Applications</subfield>
          </datafield>
          <datafield tag="246" ind1=" " ind2=" ">
            <subfield code="a">Automated Guided Vehicle Systems</subfield>
          </datafield>
          <datafield tag="260" ind1=" " ind2=" ">
            <subfield code="a">Berlin :</subfield>
            <subfield code="b">Springer Berlin Heidelberg,</subfield>
            <subfield code="c">2014.</subfield>
          </datafield>
          <datafield tag="300" ind1=" " ind2=" ">
            <subfield code="a">1 online resource (237 p.)</subfield>
          </datafield>
          <datafield tag="500" ind1=" " ind2=" ">
            <subfield code="a">Description based upon print version of record.</subfield>
          </datafield>
          <datafield tag="505" ind1="0" ind2=" ">
            <subfield code="a">""Preface""; ""Contents""; ""1 The History of Automated Guided Vehicle Systems""; ""1.1 The First Era of AGVS -- Idea and Implementation""; ""1.1.1 The First European Companies""; ""1.1.2 Early Equipment and Tasks""; ""1.2 The Second Era -- Euphoria about Automation""; ""1.2.1 Technological Advances""; ""1.2.2 Large-Scale Projects in the Automotive Industry""; ""1.2.3 The Big Bang""; ""1.3 The Third Era -- Proven Technology for Intralogistics""; ""2 Modern Areas of Application""; ""2.1 Task-Based Aspects of AGVS in Use""; ""2.1.1 AGVS in Production and Services""</subfield>
          </datafield>
          <datafield tag="505" ind1="8" ind2=" ">
            <subfield code="a">""2.1.2 AGVS as a Means of Organization""""2.1.3 Taxi Operations""; ""2.1.4 Flow Line Organisation and the Focus on Series Production""; ""2.1.4.1 Tasks in Series Production""; ""2.1.4.2 AGVS or Fixed Assembly Line?""; ""2.1.4.3 AGVS or Forklift for Commissioning and Transport?""; ""2.1.4.4 AGVS or Simply Only Handcarts in Commissioning?""; ""2.1.4.5 AGVS or Forklift for Purely Transport-Related Tasks?""; ""2.1.4.6 Summary of Series Production""; ""2.1.5 Warehousing and Commissioning""; ""2.1.5.1 Floor-Level Block Storage Warehouses""; ""2.1.5.2 Multi-story Block Storage""</subfield>
          </datafield>
          <datafield tag="505" ind1="8" ind2=" ">
            <subfield code="a">""2.1.6 Outdoor Applications""""2.1.6.1 Outdoor Personnel Protection""; ""2.1.6.2 Outdoor Navigation""; ""2.1.7 Arguments for Using AGVS""; ""2.2 Industry-Related Aspects and Examples""; ""2.2.1 Automotive and Auto Components Industry""; ""2.2.1.1 AGVS in Transparent Manufacturing in Dresden (Volkswagen)""; ""2.2.1.2 Production of the BMW 300 Series in the New Leipzig Plant""; ""2.2.1.3 Logistics Tasks at Deutz AG in Cologne-Porz""; ""2.2.1.4 Front-End Assembly at BMW AG in Dingolfing""; ""2.2.1.5 Assembly Line for Cockpits at VW in Wolfsburg""</subfield>
          </datafield>
          <datafield tag="505" ind1="8" ind2=" ">
            <subfield code="a">""2.2.1.6 Use of AGVS in Automotive Seat Manufacturing""""2.2.1.7 Use of AGVS as a Mobile Final Assembly Platform""; ""2.2.1.8 Improving Production Efficiency at Denso in the Czech Republic""; ""2.2.2 Paper Manufacturing and Processing""; ""2.2.2.1 Transport and Handling of Paper Rolls at Einsa Print International""; ""2.2.2.2 Newspaper Printing in the Druckzentrum in Braunschweig""; ""2.2.3 Electronics Industry""; ""2.2.3.1 Just-in-Time Container Transport at WÃ&amp;#xB6;hner""; ""2.2.4 Food and Beverage Industry""; ""2.2.4.1 Intralogistics Initiatives in the Beverage Industry""</subfield>
          </datafield>
          <datafield tag="505" ind1="8" ind2=" ">
            <subfield code="a">""2.2.4.2 Innovative Commissioning at Marktkauf Logistik GmbH""""2.2.4.3 AGVS Monitors Cheese Aging Process at Campina""; ""2.2.4.4 Stainless Steel AGVs at the SchÃ&amp;#xB6;negger Cheese Makers, Steingaden""; ""2.2.5 Construction Materials""; ""2.2.6 Steel-Making Industry""; ""2.2.7 Clinic Logistics""; ""2.2.7.1 AGVS in the State Hospital in Klagenfurt, Austria""; ""2.2.7.2 Advanced Clinic Logistics with AGVS in Vorarlberg""; ""2.2.7.3 AGVS in the ``Nye Akershus Universitetssykehus'', University of Oslo, Norway""; ""2.2.7.4 AGVS in St. Olav's Hospital, Trondheim, Norway""</subfield>
          </datafield>
          <datafield tag="505" ind1="8" ind2=" ">
            <subfield code="a">""2.2.8 Pharmaceutical Industry""</subfield>
          </datafield>
          <datafield tag="520" ind1=" " ind2=" ">
            <subfield code="a"><![CDATA[This&#xA0;primer is directed at&#xA0;experts and practitioners in intralogistics who are concerned with optimizing material flows.&#xA0;The&#xA0;presentation is comprehensive&#xA0;covering both, practical and theoretical aspects with a moderate degree of specialization, using clear and concise language.&#xA0;Areas of operation as well as technical standards of all relevant components and functions are described. Recent developments in technology and in the markets are taken into account. The goal of this book is to&#xA0;further&#xA0;stronger use of automated guided transport systems and the enhancement of their future performance.]]></subfield>
          </datafield>
          <datafield tag="650" ind1=" " ind2="4">
            <subfield code="a">Engineering.</subfield>
          </datafield>
          <datafield tag="650" ind1=" " ind2="4">
            <subfield code="a">Engineering economy.</subfield>
          </datafield>
          <datafield tag="655" ind1=" " ind2="0">
            <subfield code="a">Electronic books.</subfield>
          </datafield>
          <datafield tag="700" ind1="1" ind2=" ">
            <subfield code="a">Kachur, Paul A.</subfield>
          </datafield>
          <datafield tag="906" ind1=" " ind2=" ">
            <subfield code="a">BOOK</subfield>
          </datafield>
          <datafield tag="AVE" ind1=" " ind2=" ">
            <subfield code="m">SpringerLink Books Complete</subfield>
            <subfield code="t">Springer Link</subfield>
          </datafield>
        </record>
      </recordData>
      <recordPosition>10</recordPosition>
    </record>