
    <record>
      <recordSchema>marcxml</recordSchema>
      <recordPacking>xml</recordPacking>
      <recordData>
        <record xmlns="">
          <leader>02467nam a22003013u 4500</leader>
          <controlfield tag="001">999919757040602204</controlfield>
          <controlfield tag="005">20140210011040.0</controlfield>
          <controlfield tag="006">m        d</controlfield>
          <controlfield tag="007">cr -n---------</controlfield>
          <controlfield tag="008">140210s2011|||||||     s|||||||||||eng|d</controlfield>
          <datafield tag="020" ind1=" " ind2=" ">
            <subfield code="e">1-4623-6978-2</subfield>
          </datafield>
          <datafield tag="020" ind1=" " ind2=" ">
            <subfield code="e">1-283-56200-6</subfield>
          </datafield>
          <datafield tag="020" ind1=" " ind2=" ">
            <subfield code="e">9786613874450</subfield>
          </datafield>
          <datafield tag="020" ind1=" " ind2=" ">
            <subfield code="e">1-4623-4052-0</subfield>
          </datafield>
          <datafield tag="020" ind1=" " ind2=" ">
            <subfield code="a">1-4552-7050-4</subfield>
          </datafield>
          <datafield tag="035" ind1=" " ind2=" ">
            <subfield code="a">(CKB)2550000000102823</subfield>
          </datafield>
          <datafield tag="035" ind1=" " ind2=" ">
            <subfield code="a">(EBL)1606410</subfield>
          </datafield>
          <datafield tag="035" ind1=" " ind2=" ">
            <subfield code="a">(EXLCZ)992550000000102823</subfield>
          </datafield>
          <datafield tag="040" ind1=" " ind2=" ">
            <subfield code="a">AU-PeEL</subfield>
            <subfield code="b">eng</subfield>
            <subfield code="c">AU-PeEL</subfield>
            <subfield code="d">AU-PeEL</subfield>
          </datafield>
          <datafield tag="100" ind1="1" ind2=" ">
            <subfield code="a">Weber, Michael.</subfield>
          </datafield>
          <datafield tag="245" ind1="1" ind2="0">
            <subfield code="a">Avoid Filling Swiss Cheese with Whipped Cream</subfield>
            <subfield code="h">[electronic resource].</subfield>
          </datafield>
          <datafield tag="246" ind1=" " ind2=" ">
            <subfield code="a">Avoid Filling Swiss Cheese with Whipped Cream: Imputation Techniques and Evaluation Procedures for Cross-Country Time Series</subfield>
          </datafield>
          <datafield tag="246" ind1=" " ind2=" ">
            <subfield code="a">Avoid Filling Swiss Cheese with Whipped Cream</subfield>
          </datafield>
          <datafield tag="260" ind1=" " ind2=" ">
            <subfield code="a">Washington :</subfield>
            <subfield code="b">International Monetary Fund,</subfield>
            <subfield code="c">2011.</subfield>
          </datafield>
          <datafield tag="300" ind1=" " ind2=" ">
            <subfield code="a">1 online resource (29 p.)</subfield>
          </datafield>
          <datafield tag="490" ind1="1" ind2=" ">
            <subfield code="a">IMF Working Papers</subfield>
          </datafield>
          <datafield tag="500" ind1=" " ind2=" ">
            <subfield code="a">Description based upon print version of record.</subfield>
          </datafield>
          <datafield tag="505" ind1="0" ind2=" ">
            <subfield code="a">Cover; Contents; I. Introduction; II. Data structures and missing data patterns; Figures; Figure 1. Missing data patterns for standard micro (=observation by variable) data; Figure 2. Missing data patterns for multivariate time series and univariate cross-sectional time series; III. Missing data techniques; Figure 3. Missing data patterns for multivariate cross-sectional time series; A. Traditional approaches; B. Statistical Matching; C. Multiple imputation; IV. Applicability of missing data techniques to time series data; V. Evaluation with statistical quality measures</subfield>
          </datafield>
          <datafield tag="505" ind1="8" ind2=" ">
            <subfield code="a">A. Degree of missingnessB. Performance of imputation method; C. Accuracy of imputation results; D. Variability of statistics based on the imputed dataset; VI. Conclusion; VII. References</subfield>
          </datafield>
          <datafield tag="520" ind1=" " ind2=" ">
            <subfield code="a">International organizations collect data from national authorities to create multivariate cross-sectional time series for their analyses. As data from countries with not yet well-established statistical systems may be incomplete, the bridging of data gaps is a crucial challenge. This paper investigates data structures and missing data patterns in the cross-sectional time series framework, reviews missing value imputation techniques used for micro data in official statistics, and discusses their applicability to cross-sectional time series. It presents statistical methods and quality indicators</subfield>
          </datafield>
          <datafield tag="655" ind1=" " ind2="0">
            <subfield code="a">Electronic books.</subfield>
          </datafield>
          <datafield tag="700" ind1="1" ind2=" ">
            <subfield code="a">Denk, Michaela.</subfield>
          </datafield>
          <datafield tag="830" ind1=" " ind2="0">
            <subfield code="a">IMF Working Papers</subfield>
          </datafield>
          <datafield tag="906" ind1=" " ind2=" ">
            <subfield code="a">BOOK</subfield>
          </datafield>
          <datafield tag="AVE" ind1=" " ind2=" ">
            <subfield code="m">International Monetary Fund eLibrary</subfield>
            <subfield code="t">International Monetary Fund eLibrary</subfield>
          </datafield>
        </record>
      </recordData>
      <recordPosition>11</recordPosition>
    </record>