
    <record>
      <recordSchema>marcxml</recordSchema>
      <recordPacking>xml</recordPacking>
      <recordData>
        <record xmlns="">
          <leader>00706cam a22002057c 4500</leader>
          <controlfield tag="001">990506197484702204</controlfield>
          <controlfield tag="005">20110608132718.0</controlfield>
          <controlfield tag="007">ta</controlfield>
          <controlfield tag="008">110608s1972    xx#|||||||||||000|u|eng|d</controlfield>
          <datafield tag="035" ind1=" " ind2=" ">
            <subfield code="a">050619748-47bibsys_network</subfield>
          </datafield>
          <datafield tag="035" ind1=" " ind2=" ">
            <subfield code="a">(NO-TrBIB)050619748</subfield>
          </datafield>
          <datafield tag="035" ind1=" " ind2=" ">
            <subfield code="a">(EXLNZ-47BIBSYS_NETWORK)990506197484702201</subfield>
          </datafield>
          <datafield tag="040" ind1=" " ind2=" ">
            <subfield code="a">NO-TrBIB</subfield>
            <subfield code="b">nob</subfield>
            <subfield code="e">katreg</subfield>
          </datafield>
          <datafield tag="100" ind1="1" ind2=" ">
            <subfield code="a">Street, Len</subfield>
            <subfield code="0">(NO-TrBIB)5027050</subfield>
          </datafield>
          <datafield tag="245" ind1="1" ind2="4">
            <subfield code="a">The backyard dairy book: how to be independent of the system for your milk, cream, butter, cheese &amp; all dairy needs</subfield>
            <subfield code="c">by Len Street &amp; Andrew Singer</subfield>
          </datafield>
          <datafield tag="260" ind1=" " ind2=" ">
            <subfield code="a">Bottisham</subfield>
            <subfield code="b">Whole Earth Tools</subfield>
            <subfield code="c">1972</subfield>
          </datafield>
          <datafield tag="300" ind1=" " ind2=" ">
            <subfield code="a">43 p.</subfield>
            <subfield code="b">illus., plan.</subfield>
          </datafield>
          <datafield tag="490" ind1="0" ind2=" ">
            <subfield code="a">Independent living books, no. 1</subfield>
          </datafield>
          <datafield tag="650" ind1=" " ind2="0">
            <subfield code="a">Dairying</subfield>
            <subfield code="x">Handbooks, manuals, etc</subfield>
          </datafield>
          <datafield tag="700" ind1="1" ind2=" ">
            <subfield code="a">Singer, Andrew</subfield>
            <subfield code="0">(NO-TrBIB)90500471</subfield>
          </datafield>
          <datafield tag="901" ind1=" " ind2=" ">
            <subfield code="a">60</subfield>
          </datafield>
          <datafield tag="AVA" ind1=" " ind2=" ">
            <subfield code="0">990506197484702204</subfield>
            <subfield code="a">47BIBSYS_UBO</subfield>
            <subfield code="b">1030310</subfield>
            <subfield code="c">UREAL ZEBsaml. GSHmag316</subfield>
            <subfield code="d">4l STR</subfield>
            <subfield code="e">available</subfield>
            <subfield code="f">1</subfield>
            <subfield code="g">0</subfield>
            <subfield code="j">k00488</subfield>
            <subfield code="k">8</subfield>
            <subfield code="p">1</subfield>
          </datafield>
        </record>
      </recordData>
      <recordPosition>12</recordPosition>
    </record>