
    <record>
      <recordSchema>marcxml</recordSchema>
      <recordPacking>xml</recordPacking>
      <recordData>
        <record xmlns="">
          <leader>00576cam a2200217 c 4500</leader>
          <controlfield tag="001">990015921304702204</controlfield>
          <controlfield tag="005">20110607085723.0</controlfield>
          <controlfield tag="007">ta</controlfield>
          <controlfield tag="008">110607s2000    xx#|||||||||||000|u|eng|d</controlfield>
          <datafield tag="020" ind1=" " ind2=" ">
            <subfield code="a">0802137415</subfield>
            <subfield code="q">h.</subfield>
          </datafield>
          <datafield tag="035" ind1=" " ind2=" ">
            <subfield code="a">001592130-47bibsys_network</subfield>
          </datafield>
          <datafield tag="035" ind1=" " ind2=" ">
            <subfield code="a">(NO-TrBIB)001592130</subfield>
          </datafield>
          <datafield tag="035" ind1=" " ind2=" ">
            <subfield code="a">(EXLNZ-47BIBSYS_NETWORK)990015921304702201</subfield>
          </datafield>
          <datafield tag="040" ind1=" " ind2=" ">
            <subfield code="a">NO-TrBIB</subfield>
            <subfield code="b">nob</subfield>
            <subfield code="e">katreg</subfield>
          </datafield>
          <datafield tag="092" ind1=" " ind2=" ">
            <subfield code="a">810</subfield>
            <subfield code="q">NoOU</subfield>
            <subfield code="9">LOCAL</subfield>
          </datafield>
          <datafield tag="100" ind1="1" ind2=" ">
            <subfield code="a">Wilson, Lanford</subfield>
            <subfield code="0">(NO-TrBIB)90148548</subfield>
          </datafield>
          <datafield tag="245" ind1="1" ind2="0">
            <subfield code="a">Book of days :</subfield>
            <subfield code="b">a play in two acts</subfield>
            <subfield code="c">by Lanford Wilson</subfield>
          </datafield>
          <datafield tag="260" ind1=" " ind2=" ">
            <subfield code="a">New York</subfield>
            <subfield code="b">Grove Press</subfield>
            <subfield code="c">c2000</subfield>
          </datafield>
          <datafield tag="300" ind1=" " ind2=" ">
            <subfield code="a">105 s.</subfield>
          </datafield>
          <datafield tag="650" ind1=" " ind2="0">
            <subfield code="a">Cheese factories</subfield>
          </datafield>
          <datafield tag="650" ind1=" " ind2="0">
            <subfield code="a">Amateur theater</subfield>
          </datafield>
          <datafield tag="650" ind1=" " ind2="0">
            <subfield code="a">Community life</subfield>
          </datafield>
          <datafield tag="901" ind1=" " ind2=" ">
            <subfield code="a">80</subfield>
          </datafield>
          <datafield tag="AVA" ind1=" " ind2=" ">
            <subfield code="0">990015921304702204</subfield>
            <subfield code="a">47BIBSYS_UBO</subfield>
            <subfield code="b">1030300</subfield>
            <subfield code="c">UHS S-Litt</subfield>
            <subfield code="d">810 Wil:Boo</subfield>
            <subfield code="e">available</subfield>
            <subfield code="f">1</subfield>
            <subfield code="g">0</subfield>
            <subfield code="j">k00040</subfield>
            <subfield code="k">8</subfield>
            <subfield code="p">1</subfield>
          </datafield>
        </record>
      </recordData>
      <recordPosition>13</recordPosition>
    </record>