
    <record>
      <recordSchema>marcxml</recordSchema>
      <recordPacking>xml</recordPacking>
      <recordData>
        <record xmlns="">
          <leader>02268cam a2200685 c 4500</leader>
          <controlfield tag="001">990827590494702204</controlfield>
          <controlfield tag="005">20151010144912.0</controlfield>
          <controlfield tag="007">ta</controlfield>
          <controlfield tag="007">cr||||||||||||</controlfield>
          <controlfield tag="008">151010s2008    xx#||||| |||||000|u|nob|</controlfield>
          <datafield tag="015" ind1=" " ind2=" ">
            <subfield code="a">0816478</subfield>
            <subfield code="2">nbf</subfield>
          </datafield>
          <datafield tag="020" ind1=" " ind2=" ">
            <subfield code="a">9788252932119</subfield>
            <subfield code="q">ib.</subfield>
            <subfield code="c">Nkr 348.00</subfield>
          </datafield>
          <datafield tag="035" ind1=" " ind2=" ">
            <subfield code="a">082759049-47bibsys_network</subfield>
          </datafield>
          <datafield tag="035" ind1=" " ind2=" ">
            <subfield code="a">(NO-TrBIB)082759049</subfield>
          </datafield>
          <datafield tag="035" ind1=" " ind2=" ">
            <subfield code="a">(NO-TrBIB)151746168</subfield>
          </datafield>
          <datafield tag="035" ind1=" " ind2=" ">
            <subfield code="a">(EXLNZ-47BIBSYS_NETWORK)990827590494702201</subfield>
          </datafield>
          <datafield tag="040" ind1=" " ind2=" ">
            <subfield code="a">NO-OsNB</subfield>
            <subfield code="b">nob</subfield>
            <subfield code="e">katreg</subfield>
          </datafield>
          <datafield tag="042" ind1=" " ind2=" ">
            <subfield code="a">norbibl</subfield>
          </datafield>
          <datafield tag="044" ind1=" " ind2=" ">
            <subfield code="c">no</subfield>
          </datafield>
          <datafield tag="080" ind1=" " ind2=" ">
            <subfield code="a">637.3</subfield>
          </datafield>
          <datafield tag="080" ind1=" " ind2=" ">
            <subfield code="a">637.3(09)</subfield>
          </datafield>
          <datafield tag="080" ind1=" " ind2=" ">
            <subfield code="a">637.3(091)</subfield>
          </datafield>
          <datafield tag="080" ind1=" " ind2=" ">
            <subfield code="a">637.35(481)</subfield>
          </datafield>
          <datafield tag="082" ind1="7" ind2="4">
            <subfield code="a">637.3</subfield>
            <subfield code="q">NO-OsNB</subfield>
            <subfield code="2">5/nor</subfield>
          </datafield>
          <datafield tag="092" ind1=" " ind2=" ">
            <subfield code="a">641.373</subfield>
            <subfield code="q">NoOU</subfield>
            <subfield code="9">LOCAL</subfield>
          </datafield>
          <datafield tag="092" ind1=" " ind2=" ">
            <subfield code="a">394.109481</subfield>
            <subfield code="q">NoOU</subfield>
            <subfield code="9">LOCAL</subfield>
          </datafield>
          <datafield tag="245" ind1="0" ind2="0">
            <subfield code="a">Brunosten :</subfield>
            <subfield code="b">en norsk historie</subfield>
            <subfield code="c">Roger K. Abrahamsen ... [et al.]</subfield>
          </datafield>
          <datafield tag="260" ind1=" " ind2=" ">
            <subfield code="a">Oslo</subfield>
            <subfield code="b">Tun</subfield>
            <subfield code="c">cop. 2008</subfield>
          </datafield>
          <datafield tag="300" ind1=" " ind2=" ">
            <subfield code="a">175 s.</subfield>
            <subfield code="b">ill.</subfield>
            <subfield code="c">17 x 25 cm</subfield>
          </datafield>
          <datafield tag="500" ind1=" " ind2=" ">
            <subfield code="a">"Boken er utgitt i samarbeid med TINE BA" - Tittelbladets bakside</subfield>
          </datafield>
          <datafield tag="650" ind1=" " ind2="7">
            <subfield code="a">Seterdrift</subfield>
            <subfield code="2">humord</subfield>
          </datafield>
          <datafield tag="650" ind1=" " ind2="7">
            <subfield code="a">Meierier</subfield>
            <subfield code="2">humord</subfield>
          </datafield>
          <datafield tag="650" ind1=" " ind2="7">
            <subfield code="a">Historisk framstilling</subfield>
            <subfield code="2">humord</subfield>
          </datafield>
          <datafield tag="650" ind1=" " ind2="7">
            <subfield code="a">Kultur</subfield>
            <subfield code="2">humord</subfield>
          </datafield>
          <datafield tag="650" ind1=" " ind2="7">
            <subfield code="a">Ysting</subfield>
            <subfield code="2">humord</subfield>
          </datafield>
          <datafield tag="650" ind1=" " ind2="7">
            <subfield code="a">Norge</subfield>
            <subfield code="2">humord</subfield>
          </datafield>
          <datafield tag="650" ind1=" " ind2="7">
            <subfield code="a">Ost</subfield>
            <subfield code="2">humord</subfield>
          </datafield>
          <datafield tag="650" ind1=" " ind2="7">
            <subfield code="a">Mattradisjoner</subfield>
            <subfield code="2">humord</subfield>
          </datafield>
          <datafield tag="650" ind1=" " ind2="7">
            <subfield code="a">Cultural heritage</subfield>
            <subfield code="2">agrovoc</subfield>
          </datafield>
          <datafield tag="650" ind1=" " ind2="7">
            <subfield code="a">Norway</subfield>
            <subfield code="2">agrovoc</subfield>
          </datafield>
          <datafield tag="650" ind1=" " ind2="7">
            <subfield code="a">Designation of origin</subfield>
            <subfield code="2">agrovoc</subfield>
          </datafield>
          <datafield tag="650" ind1=" " ind2="7">
            <subfield code="a">History</subfield>
            <subfield code="2">agrovoc</subfield>
          </datafield>
          <datafield tag="650" ind1=" " ind2="7">
            <subfield code="a">Whey</subfield>
            <subfield code="2">agrovoc</subfield>
          </datafield>
          <datafield tag="650" ind1=" " ind2="7">
            <subfield code="a">Cheesemaking</subfield>
            <subfield code="2">agrovoc</subfield>
          </datafield>
          <datafield tag="650" ind1=" " ind2="7">
            <subfield code="a">Cheese</subfield>
            <subfield code="2">agrovoc</subfield>
          </datafield>
          <datafield tag="650" ind1=" " ind2="7">
            <subfield code="a">Historikk</subfield>
            <subfield code="2">ordnok</subfield>
          </datafield>
          <datafield tag="650" ind1=" " ind2="7">
            <subfield code="a">Næringsmiddelindustri</subfield>
            <subfield code="2">ordnok</subfield>
          </datafield>
          <datafield tag="650" ind1=" " ind2="7">
            <subfield code="a">Meierier</subfield>
            <subfield code="2">ordnok</subfield>
          </datafield>
          <datafield tag="650" ind1=" " ind2="7">
            <subfield code="a">Norge</subfield>
            <subfield code="2">ordnok</subfield>
          </datafield>
          <datafield tag="650" ind1=" " ind2="7">
            <subfield code="a">Kulturhistorie</subfield>
            <subfield code="2">ordnok</subfield>
          </datafield>
          <datafield tag="650" ind1=" " ind2="7">
            <subfield code="a">Produksjon</subfield>
            <subfield code="2">ordnok</subfield>
          </datafield>
          <datafield tag="650" ind1=" " ind2="7">
            <subfield code="a">Mat</subfield>
            <subfield code="2">ordnok</subfield>
          </datafield>
          <datafield tag="650" ind1=" " ind2="7">
            <subfield code="a">Geitost</subfield>
            <subfield code="2">tekord</subfield>
          </datafield>
          <datafield tag="650" ind1=" " ind2="7">
            <subfield code="a">Ysting</subfield>
            <subfield code="2">tekord</subfield>
          </datafield>
          <datafield tag="650" ind1=" " ind2="7">
            <subfield code="a">Ost</subfield>
            <subfield code="v">Historie</subfield>
            <subfield code="2">tekord</subfield>
          </datafield>
          <datafield tag="653" ind1=" " ind2=" ">
            <subfield code="a">matkultur</subfield>
            <subfield code="a">norge</subfield>
            <subfield code="a">brunost</subfield>
            <subfield code="a">ysting</subfield>
            <subfield code="a">osteproduksjon</subfield>
            <subfield code="a">kulturarv</subfield>
            <subfield code="a">geitost</subfield>
          </datafield>
          <datafield tag="700" ind1="1" ind2=" ">
            <subfield code="a">Abrahamsen, Roger K.</subfield>
            <subfield code="d">1946-</subfield>
            <subfield code="e">medarb.</subfield>
            <subfield code="0">(NO-TrBIB)90302455</subfield>
          </datafield>
          <datafield tag="710" ind1="2" ind2=" ">
            <subfield code="a">TINE BA</subfield>
            <subfield code="0">(NO-TrBIB)2133156</subfield>
          </datafield>
          <datafield tag="856" ind1="4" ind2="2">
            <subfield code="3">Beskrivelse fra forlaget (kort)</subfield>
            <subfield code="u">http://content.bibsys.no/content/?type=descr_publ_brief&amp;isbn=8252932118</subfield>
          </datafield>
          <datafield tag="856" ind1="4" ind2="2">
            <subfield code="3">Beskrivelse fra Forlagssentralen</subfield>
            <subfield code="u">http://content.bibsys.no/content/?type=descr_forlagssentr&amp;isbn=8252932118</subfield>
          </datafield>
          <datafield tag="856" ind1="4" ind2="2">
            <subfield code="3">Innholdsfortegnelse</subfield>
            <subfield code="u">http://content.bibsys.no/content/?type=toc&amp;isbn=8252932118</subfield>
          </datafield>
          <datafield tag="901" ind1=" " ind2=" ">
            <subfield code="a">90</subfield>
          </datafield>
          <datafield tag="913" ind1=" " ind2=" ">
            <subfield code="a">Norbok</subfield>
            <subfield code="b">NB</subfield>
          </datafield>
          <datafield tag="AVA" ind1=" " ind2=" ">
            <subfield code="0">990827590494702204</subfield>
            <subfield code="a">47BIBSYS_UBO</subfield>
            <subfield code="b">1030300</subfield>
            <subfield code="c">UHS</subfield>
            <subfield code="d">641.373 Bru</subfield>
            <subfield code="e">available</subfield>
            <subfield code="f">1</subfield>
            <subfield code="g">0</subfield>
            <subfield code="j">k00009</subfield>
            <subfield code="k">8</subfield>
            <subfield code="p">1</subfield>
          </datafield>
        </record>
      </recordData>
      <recordPosition>14</recordPosition>
    </record>