
    <record>
      <recordSchema>marcxml</recordSchema>
      <recordPacking>xml</recordPacking>
      <recordData>
        <record xmlns="">
          <leader>01464cam a2200433 c 4500</leader>
          <controlfield tag="001">999803556214702204</controlfield>
          <controlfield tag="005">20151019161505.0</controlfield>
          <controlfield tag="007">ta</controlfield>
          <controlfield tag="007">cr||||||||||||</controlfield>
          <controlfield tag="008">151019s1998    xx#||||| |||||000|u|nob|d</controlfield>
          <datafield tag="020" ind1=" " ind2=" ">
            <subfield code="a">8299243025</subfield>
          </datafield>
          <datafield tag="035" ind1=" " ind2=" ">
            <subfield code="a">980355621-47bibsys_network</subfield>
          </datafield>
          <datafield tag="035" ind1=" " ind2=" ">
            <subfield code="a">(NO-TrBIB)980355621</subfield>
          </datafield>
          <datafield tag="035" ind1=" " ind2=" ">
            <subfield code="a">(NO-TrBIB)102176426</subfield>
          </datafield>
          <datafield tag="035" ind1=" " ind2=" ">
            <subfield code="a">(EXLNZ-47BIBSYS_NETWORK)999803556214702201</subfield>
          </datafield>
          <datafield tag="040" ind1=" " ind2=" ">
            <subfield code="a">NO-TrBIB</subfield>
            <subfield code="b">nob</subfield>
            <subfield code="e">katreg</subfield>
          </datafield>
          <datafield tag="080" ind1=" " ind2=" ">
            <subfield code="a">637.3</subfield>
          </datafield>
          <datafield tag="080" ind1=" " ind2=" ">
            <subfield code="a">(09)</subfield>
          </datafield>
          <datafield tag="080" ind1=" " ind2=" ">
            <subfield code="a">392.8(48)</subfield>
          </datafield>
          <datafield tag="080" ind1=" " ind2=" ">
            <subfield code="a">637.3(48)</subfield>
          </datafield>
          <datafield tag="080" ind1=" " ind2=" ">
            <subfield code="a">641.568</subfield>
          </datafield>
          <datafield tag="080" ind1=" " ind2=" ">
            <subfield code="a">637.35</subfield>
          </datafield>
          <datafield tag="092" ind1=" " ind2=" ">
            <subfield code="a">641.373</subfield>
            <subfield code="q">NoOU</subfield>
            <subfield code="9">LOCAL</subfield>
          </datafield>
          <datafield tag="100" ind1="1" ind2=" ">
            <subfield code="a">Espelund, Arne</subfield>
            <subfield code="d">1929-</subfield>
            <subfield code="0">(NO-TrBIB)90080511</subfield>
          </datafield>
          <datafield tag="245" ind1="1" ind2="0">
            <subfield code="a">Brunosten :</subfield>
            <subfield code="b">historien til et godt næringsemne gjennom 300 år</subfield>
            <subfield code="c">Arne Espelund</subfield>
          </datafield>
          <datafield tag="260" ind1=" " ind2=" ">
            <subfield code="a">Trondheim</subfield>
            <subfield code="b">Arketype</subfield>
            <subfield code="c">1998</subfield>
          </datafield>
          <datafield tag="300" ind1=" " ind2=" ">
            <subfield code="a">59 s., pl.</subfield>
            <subfield code="b">ill.</subfield>
          </datafield>
          <datafield tag="500" ind1=" " ind2=" ">
            <subfield code="a">"Med: Ole Evenstad: Om Brug af Myse og dens Indkogning til Myssmør. (Stor-Elvdal)/København 1805."</subfield>
          </datafield>
          <datafield tag="506" ind1="0" ind2=" ">
            <subfield code="f">Åpen tilgang</subfield>
          </datafield>
          <datafield tag="533" ind1=" " ind2=" ">
            <subfield code="a">Elektronisk reproduksjon</subfield>
            <subfield code="b">[Norge]</subfield>
            <subfield code="c">Nasjonalbiblioteket Digital</subfield>
            <subfield code="d">2010-10-05</subfield>
          </datafield>
          <datafield tag="588" ind1=" " ind2=" ">
            <subfield code="a">Katalogisert etter omslag</subfield>
          </datafield>
          <datafield tag="600" ind1="1" ind2="4">
            <subfield code="a">Evenstad, Ole</subfield>
            <subfield code="d">1739-1806</subfield>
            <subfield code="0">(NO-TrBIB)90173272</subfield>
          </datafield>
          <datafield tag="650" ind1=" " ind2="7">
            <subfield code="a">Cheese</subfield>
            <subfield code="2">agrovoc</subfield>
          </datafield>
          <datafield tag="650" ind1=" " ind2="7">
            <subfield code="a">Cheesemaking</subfield>
            <subfield code="2">agrovoc</subfield>
          </datafield>
          <datafield tag="650" ind1=" " ind2="7">
            <subfield code="a">Ost</subfield>
            <subfield code="2">humord</subfield>
          </datafield>
          <datafield tag="650" ind1=" " ind2="7">
            <subfield code="a">Norge</subfield>
            <subfield code="2">humord</subfield>
          </datafield>
          <datafield tag="650" ind1=" " ind2="7">
            <subfield code="a">Meieriprodukter</subfield>
            <subfield code="2">tekord</subfield>
          </datafield>
          <datafield tag="650" ind1=" " ind2="7">
            <subfield code="a">Ost</subfield>
            <subfield code="2">tekord</subfield>
          </datafield>
          <datafield tag="653" ind1=" " ind2=" ">
            <subfield code="a">mysost</subfield>
            <subfield code="a">brunost</subfield>
            <subfield code="a">ost</subfield>
            <subfield code="a">osteproduksjon</subfield>
          </datafield>
          <datafield tag="856" ind1="4" ind2="0">
            <subfield code="3">Fulltekst</subfield>
            <subfield code="u">http://urn.nb.no/URN:NBN:no-nb_digibok_2010081108074</subfield>
            <subfield code="y">NB digitalisert</subfield>
            <subfield code="z">Elektronisk reproduksjon. Gratis. For norske IP-adresser</subfield>
          </datafield>
          <datafield tag="901" ind1=" " ind2=" ">
            <subfield code="a">80</subfield>
          </datafield>
          <datafield tag="AVA" ind1=" " ind2=" ">
            <subfield code="0">999803556214702204</subfield>
            <subfield code="a">47BIBSYS_UBO</subfield>
            <subfield code="b">1030300</subfield>
            <subfield code="c">UHS Mag314</subfield>
            <subfield code="d">Småtr 641.373 Esp</subfield>
            <subfield code="e">available</subfield>
            <subfield code="f">1</subfield>
            <subfield code="g">0</subfield>
            <subfield code="j">k00027</subfield>
            <subfield code="k">8</subfield>
            <subfield code="p">1</subfield>
          </datafield>
        </record>
      </recordData>
      <recordPosition>15</recordPosition>
    </record>