
    <record>
      <recordSchema>marcxml</recordSchema>
      <recordPacking>xml</recordPacking>
      <recordData>
        <record xmlns="">
          <leader>-----cam-a22-----z--4500</leader>
          <controlfield tag="001">999919766162802204</controlfield>
          <controlfield tag="008">121018uuuuuuuuuuuuuu-|------u|----|eng-d</controlfield>
          <datafield tag="035" ind1=" " ind2=" ">
            <subfield code="a">(CKB)1000000000650380</subfield>
          </datafield>
          <datafield tag="035" ind1=" " ind2=" ">
            <subfield code="a">(EXLCZ)991000000000650380</subfield>
          </datafield>
          <datafield tag="210" ind1=" " ind2=" ">
            <subfield code="a">BY THE KING. A PROCLAMATION FOR THE FREE EXPORTATION OF LEATHER, HIDES, CORN, BUTTER &amp; CHEESE</subfield>
          </datafield>
          <datafield tag="245" ind1=" " ind2=" ">
            <subfield code="a">By the King. A proclamation for the free exportation of leather, hides, corn, butter and cheese</subfield>
          </datafield>
          <datafield tag="906" ind1=" " ind2=" ">
            <subfield code="a">BOOK</subfield>
          </datafield>
          <datafield tag="AVE" ind1=" " ind2=" ">
            <subfield code="m">Early English Books Online (EEBO)</subfield>
            <subfield code="t">Chadwyck</subfield>
          </datafield>
        </record>
      </recordData>
      <recordPosition>16</recordPosition>
    </record>