
    <record>
      <recordSchema>marcxml</recordSchema>
      <recordPacking>xml</recordPacking>
      <recordData>
        <record xmlns="">
          <leader>-----cam-a22-----z--4500</leader>
          <controlfield tag="001">999919773885002204</controlfield>
          <controlfield tag="008">121018u2010uuuuuuuuu-|------u|----|eng-d</controlfield>
          <datafield tag="035" ind1=" " ind2=" ">
            <subfield code="a">(CKB)3230000000017471</subfield>
          </datafield>
          <datafield tag="035" ind1=" " ind2=" ">
            <subfield code="a">(EXLCZ)993230000000017471</subfield>
          </datafield>
          <datafield tag="245" ind1=" " ind2=" ">
            <subfield code="a">Case Studies of Costs and Benefits of Non-Tariff Measures: Cheese, Shrimp and Flowers</subfield>
          </datafield>
          <datafield tag="246" ind1=" " ind2=" ">
            <subfield code="a">Case Studies of Costs and Benefits of Non-Tariff Measures</subfield>
          </datafield>
          <datafield tag="762" ind1="0" ind2=" ">
            <subfield code="w">(CKB)1000000000489921</subfield>
          </datafield>
          <datafield tag="906" ind1=" " ind2=" ">
            <subfield code="a">DOCUMENT</subfield>
          </datafield>
          <datafield tag="AVE" ind1=" " ind2=" ">
            <subfield code="m">OECD iLibrary Working Papers</subfield>
            <subfield code="t">OECD iLibrary</subfield>
          </datafield>
        </record>
      </recordData>
      <recordPosition>18</recordPosition>
    </record>