
    <record>
      <recordSchema>marcxml</recordSchema>
      <recordPacking>xml</recordPacking>
      <recordData>
        <record xmlns="">
          <leader>01370cam a2200385 c 4500</leader>
          <controlfield tag="001">998341178194702204</controlfield>
          <controlfield tag="005">20140925095348.0</controlfield>
          <controlfield tag="007">ta</controlfield>
          <controlfield tag="008">140925s1980    xx#|||||||||||000|u|eng|d</controlfield>
          <datafield tag="020" ind1=" " ind2=" ">
            <subfield code="a">0710005911</subfield>
          </datafield>
          <datafield tag="020" ind1=" " ind2=" ">
            <subfield code="a">0710009607</subfield>
          </datafield>
          <datafield tag="035" ind1=" " ind2=" ">
            <subfield code="a">834117819-47bibsys_network</subfield>
          </datafield>
          <datafield tag="035" ind1=" " ind2=" ">
            <subfield code="a">(NO-TrBIB)834117819</subfield>
          </datafield>
          <datafield tag="035" ind1=" " ind2=" ">
            <subfield code="a">(EXLNZ-47BIBSYS_NETWORK)998341178194702201</subfield>
          </datafield>
          <datafield tag="040" ind1=" " ind2=" ">
            <subfield code="a">NO-TrBIB</subfield>
            <subfield code="b">nob</subfield>
            <subfield code="e">katreg</subfield>
          </datafield>
          <datafield tag="080" ind1=" " ind2=" ">
            <subfield code="a">930.85(45)</subfield>
          </datafield>
          <datafield tag="084" ind1=" " ind2=" ">
            <subfield code="a">D 148:35</subfield>
            <subfield code="2">utk</subfield>
          </datafield>
          <datafield tag="084" ind1=" " ind2=" ">
            <subfield code="a">M:33K</subfield>
            <subfield code="2">utk</subfield>
          </datafield>
          <datafield tag="084" ind1=" " ind2=" ">
            <subfield code="a">M:154</subfield>
            <subfield code="2">utk</subfield>
          </datafield>
          <datafield tag="084" ind1=" " ind2=" ">
            <subfield code="a">M:509</subfield>
            <subfield code="2">utk</subfield>
          </datafield>
          <datafield tag="084" ind1=" " ind2=" ">
            <subfield code="a">Ih 29</subfield>
            <subfield code="2">ubtkl/2</subfield>
          </datafield>
          <datafield tag="084" ind1=" " ind2=" ">
            <subfield code="a">Zc 204</subfield>
            <subfield code="2">knt</subfield>
          </datafield>
          <datafield tag="092" ind1=" " ind2=" ">
            <subfield code="a">273.6</subfield>
            <subfield code="q">NoOU</subfield>
            <subfield code="9">LOCAL</subfield>
          </datafield>
          <datafield tag="092" ind1=" " ind2=" ">
            <subfield code="a">230.2</subfield>
            <subfield code="q">NoOU</subfield>
            <subfield code="9">LOCAL</subfield>
          </datafield>
          <datafield tag="097" ind1=" " ind2=" ">
            <subfield code="a">G 110</subfield>
            <subfield code="q">NoOU</subfield>
            <subfield code="2">no-ubo-uhs</subfield>
            <subfield code="9">LOCAL</subfield>
          </datafield>
          <datafield tag="100" ind1="1" ind2=" ">
            <subfield code="a">Ginzburg, Carlo</subfield>
            <subfield code="0">(NO-TrBIB)90098024</subfield>
          </datafield>
          <datafield tag="245" ind1="1" ind2="4">
            <subfield code="a">The cheese and the worms :</subfield>
            <subfield code="b">the cosmos of a sixteenth-century miller</subfield>
            <subfield code="c">Carlo Ginzburg ; translated by John and Anne Tedeschi</subfield>
          </datafield>
          <datafield tag="246" ind1="1" ind2=" ">
            <subfield code="a">Il formaggio e i vermi : Il cosmo di un mugnaio del'500</subfield>
            <subfield code="i">Originaltittel</subfield>
          </datafield>
          <datafield tag="260" ind1=" " ind2=" ">
            <subfield code="a">London</subfield>
            <subfield code="b">Routledge and Kegan Paul</subfield>
            <subfield code="c">1980</subfield>
          </datafield>
          <datafield tag="300" ind1=" " ind2=" ">
            <subfield code="a">XXVII, 177 s.</subfield>
            <subfield code="b">ill.</subfield>
          </datafield>
          <datafield tag="500" ind1=" " ind2=" ">
            <subfield code="a">Også utgitt Baltimore : Johns Hopkins University Press</subfield>
          </datafield>
          <datafield tag="650" ind1=" " ind2="0">
            <subfield code="a">Udine (Italy : Province)</subfield>
            <subfield code="x">Religious life and customs</subfield>
          </datafield>
          <datafield tag="650" ind1=" " ind2="0">
            <subfield code="a">Udine (Italy : Province)</subfield>
            <subfield code="x">Civilization</subfield>
          </datafield>
          <datafield tag="650" ind1=" " ind2="0">
            <subfield code="a">Peasantry</subfield>
            <subfield code="z">Italy Udine (Province)</subfield>
          </datafield>
          <datafield tag="650" ind1=" " ind2="0">
            <subfield code="a">Heretics, Christian</subfield>
            <subfield code="z">Italy Udine (Province)</subfield>
          </datafield>
          <datafield tag="650" ind1=" " ind2="0">
            <subfield code="a">Heresies, Christian</subfield>
            <subfield code="x">History</subfield>
            <subfield code="y">Modern period, 1500</subfield>
          </datafield>
          <datafield tag="650" ind1=" " ind2="0">
            <subfield code="a">Udine (Italy : Province)</subfield>
            <subfield code="x">Church history</subfield>
            <subfield code="y">Modern period, 1500</subfield>
          </datafield>
          <datafield tag="653" ind1=" " ind2=" ">
            <subfield code="a">kulturhistorie</subfield>
            <subfield code="a">italia</subfield>
          </datafield>
          <datafield tag="901" ind1=" " ind2=" ">
            <subfield code="a">80</subfield>
          </datafield>
          <datafield tag="AVA" ind1=" " ind2=" ">
            <subfield code="0">998341178194702204</subfield>
            <subfield code="a">47BIBSYS_UBO</subfield>
            <subfield code="b">1030300</subfield>
            <subfield code="c">UHS</subfield>
            <subfield code="d">273.6 Gin</subfield>
            <subfield code="e">available</subfield>
            <subfield code="f">2</subfield>
            <subfield code="g">1</subfield>
            <subfield code="j">k00009</subfield>
            <subfield code="k">8</subfield>
            <subfield code="p">1</subfield>
          </datafield>
          <datafield tag="AVA" ind1=" " ind2=" ">
            <subfield code="0">998341178194702204</subfield>
            <subfield code="a">47BIBSYS_UBO</subfield>
            <subfield code="b">1030303</subfield>
            <subfield code="c">UHS/SOPH MagKO</subfield>
            <subfield code="d">L 180 Gin</subfield>
            <subfield code="e">available</subfield>
            <subfield code="f">1</subfield>
            <subfield code="g">0</subfield>
            <subfield code="j">k00582</subfield>
            <subfield code="k">8</subfield>
            <subfield code="p">2</subfield>
          </datafield>
          <datafield tag="AVA" ind1=" " ind2=" ">
            <subfield code="0">998341178194702204</subfield>
            <subfield code="a">47BIBSYS_UBO</subfield>
            <subfield code="b">1030301</subfield>
            <subfield code="c">UHS/TEOL Boksamling</subfield>
            <subfield code="d">G 110 Gin</subfield>
            <subfield code="e">available</subfield>
            <subfield code="f">1</subfield>
            <subfield code="g">0</subfield>
            <subfield code="j">k00095</subfield>
            <subfield code="k">8</subfield>
            <subfield code="p">3</subfield>
          </datafield>
          <datafield tag="AVA" ind1=" " ind2=" ">
            <subfield code="0">998341178194702204</subfield>
            <subfield code="a">47BIBSYS_UBO</subfield>
            <subfield code="b">1030303</subfield>
            <subfield code="c">UHS/SOPH</subfield>
            <subfield code="e">unavailable</subfield>
            <subfield code="f">1</subfield>
            <subfield code="g">1</subfield>
            <subfield code="j">k00086</subfield>
            <subfield code="k">8</subfield>
            <subfield code="p">4</subfield>
          </datafield>
        </record>
      </recordData>
      <recordPosition>19</recordPosition>
    </record>