
    <record>
      <recordSchema>marcxml</recordSchema>
      <recordPacking>xml</recordPacking>
      <recordData>
        <record xmlns="">
          <leader>00580caa a22001817c 4500</leader>
          <controlfield tag="001">991133736784702204</controlfield>
          <controlfield tag="005">20160114222026.0</controlfield>
          <controlfield tag="007">ta</controlfield>
          <controlfield tag="008">110630nuuuu    xx#|||||||||||000|u|eng|d</controlfield>
          <datafield tag="035" ind1=" " ind2=" ">
            <subfield code="a">113373678-47bibsys_network</subfield>
          </datafield>
          <datafield tag="035" ind1=" " ind2=" ">
            <subfield code="a">(NO-TrBIB)113373678</subfield>
          </datafield>
          <datafield tag="035" ind1=" " ind2=" ">
            <subfield code="a">(EXLNZ-47BIBSYS_NETWORK)991133736784702201</subfield>
          </datafield>
          <datafield tag="040" ind1=" " ind2=" ">
            <subfield code="a">NO-TrBIB</subfield>
            <subfield code="b">nob</subfield>
            <subfield code="e">katreg</subfield>
          </datafield>
          <datafield tag="100" ind1="1" ind2=" ">
            <subfield code="a">Ovi, Alessandro</subfield>
          </datafield>
          <datafield tag="245" ind1="1" ind2="0">
            <subfield code="a">Cheese, children, and container cranes :</subfield>
            <subfield code="b">learning from Reggia Emilia</subfield>
          </datafield>
          <datafield tag="300" ind1=" " ind2=" ">
            <subfield code="a">S.105-118.</subfield>
          </datafield>
          <datafield tag="773" ind1="0" ind2=" ">
            <subfield code="t">Daedalus (trykt utg.).</subfield>
            <subfield code="d">Cambridge, Mass. : The Academy</subfield>
            <subfield code="g">130 : 2001 : 3</subfield>
            <subfield code="x">0011-5266</subfield>
            <subfield code="w">998621339124702201</subfield>
          </datafield>
          <datafield tag="901" ind1=" " ind2=" ">
            <subfield code="a">60</subfield>
          </datafield>
          <datafield tag="999" ind1=" " ind2=" ">
            <subfield code="a">CP</subfield>
            <subfield code="9">LOCAL</subfield>
          </datafield>
          <datafield tag="999" ind1=" " ind2=" ">
            <subfield code="a">CP</subfield>
            <subfield code="9">LOCAL</subfield>
          </datafield>
          <datafield tag="AVA" ind1=" " ind2=" ">
            <subfield code="0">998621339124702204</subfield>
            <subfield code="a">47BIBSYS_UBO</subfield>
            <subfield code="b">1030300</subfield>
            <subfield code="c">UHS Mag202/3</subfield>
            <subfield code="d">Tidsskr Dæd</subfield>
            <subfield code="e">available</subfield>
            <subfield code="f">81</subfield>
            <subfield code="g">0</subfield>
            <subfield code="j">k00023</subfield>
            <subfield code="k">8</subfield>
            <subfield code="p">1</subfield>
          </datafield>
          <datafield tag="AVA" ind1=" " ind2=" ">
            <subfield code="0">998621339124702204</subfield>
            <subfield code="a">47BIBSYS_UBO</subfield>
            <subfield code="b">1030310</subfield>
            <subfield code="c">UREAL GSHmag316</subfield>
            <subfield code="d">4136 87(1958)-133(2004)</subfield>
            <subfield code="e">available</subfield>
            <subfield code="f">39</subfield>
            <subfield code="g">0</subfield>
            <subfield code="j">k00445</subfield>
            <subfield code="k">8</subfield>
            <subfield code="p">2</subfield>
          </datafield>
        </record>
      </recordData>
      <recordPosition>21</recordPosition>
    </record>