
    <record>
      <recordSchema>marcxml</recordSchema>
      <recordPacking>xml</recordPacking>
      <recordData>
        <record xmlns="">
          <leader>01779nas  22004217a 4500</leader>
          <controlfield tag="001">999919751512302204</controlfield>
          <controlfield tag="005">20130302144851.0</controlfield>
          <controlfield tag="007">t|</controlfield>
          <controlfield tag="008">861104c198u9999iluwr p       0   a0eng d</controlfield>
          <datafield tag="010" ind1=" " ind2=" ">
            <subfield code="a">sn 86002955</subfield>
          </datafield>
          <datafield tag="022" ind1=" " ind2=" ">
            <subfield code="a">0891-1509</subfield>
          </datafield>
          <datafield tag="030" ind1=" " ind2=" ">
            <subfield code="a">CHMNE6</subfield>
          </datafield>
          <datafield tag="032" ind1=" " ind2=" ">
            <subfield code="a">598030</subfield>
            <subfield code="b">USPS</subfield>
          </datafield>
          <datafield tag="035" ind1=" " ind2=" ">
            <subfield code="a">(OCoLC)14631738</subfield>
          </datafield>
          <datafield tag="035" ind1=" " ind2=" ">
            <subfield code="a">(CKB)110978978383035</subfield>
          </datafield>
          <datafield tag="035" ind1=" " ind2=" ">
            <subfield code="a">(CONSER)sn 86002955</subfield>
          </datafield>
          <datafield tag="035" ind1=" " ind2=" ">
            <subfield code="a">(EXLCZ)99110978978383035</subfield>
          </datafield>
          <datafield tag="037" ind1=" " ind2=" ">
            <subfield code="b">Cheese Market News, 8750 W. Bryn Mawr Ave., Chicago, IL 60631</subfield>
          </datafield>
          <datafield tag="042" ind1=" " ind2=" ">
            <subfield code="a">nsdp</subfield>
          </datafield>
          <datafield tag="043" ind1=" " ind2=" ">
            <subfield code="a">n-us---</subfield>
          </datafield>
          <datafield tag="050" ind1="1" ind2="0">
            <subfield code="a">NOT IN LC</subfield>
          </datafield>
          <datafield tag="082" ind1="1" ind2="0">
            <subfield code="a">338</subfield>
            <subfield code="2">11</subfield>
          </datafield>
          <datafield tag="210" ind1="0" ind2=" ">
            <subfield code="a">Cheese mark. news</subfield>
          </datafield>
          <datafield tag="222" ind1=" " ind2="0">
            <subfield code="a">Cheese market news.</subfield>
          </datafield>
          <datafield tag="245" ind1="0" ind2="0">
            <subfield code="a">Cheese market news.</subfield>
          </datafield>
          <datafield tag="260" ind1=" " ind2=" ">
            <subfield code="a">[Chicago, IL :</subfield>
            <subfield code="b">Gorman Pub. Co.]</subfield>
          </datafield>
          <datafield tag="310" ind1=" " ind2=" ">
            <subfield code="a">Weekly</subfield>
          </datafield>
          <datafield tag="588" ind1=" " ind2=" ">
            <subfield code="a">Description based on: Vol. 6, no. 34 (Oct. 17, 1986); title from caption.</subfield>
          </datafield>
          <datafield tag="650" ind1=" " ind2="0">
            <subfield code="a">Cheese industry</subfield>
            <subfield code="z">United States</subfield>
            <subfield code="v">Periodicals.</subfield>
          </datafield>
          <datafield tag="650" ind1=" " ind2="0">
            <subfield code="a">Cheese industry</subfield>
            <subfield code="z">United States</subfield>
            <subfield code="v">Statistics</subfield>
            <subfield code="v">Periodicals.</subfield>
          </datafield>
          <datafield tag="650" ind1=" " ind2="0">
            <subfield code="a">Cheese</subfield>
            <subfield code="z">United States</subfield>
            <subfield code="v">Periodicals.</subfield>
          </datafield>
          <datafield tag="650" ind1=" " ind2="0">
            <subfield code="a">Cheese</subfield>
            <subfield code="z">United States</subfield>
            <subfield code="v">Statistics</subfield>
            <subfield code="v">Periodicals.</subfield>
          </datafield>
          <datafield tag="780" ind1="0" ind2="0">
            <subfield code="w">(CKB)991042746933922</subfield>
          </datafield>
          <datafield tag="906" ind1=" " ind2=" ">
            <subfield code="a">JOURNAL</subfield>
          </datafield>
          <datafield tag="AVE" ind1=" " ind2=" ">
            <subfield code="m">Free E- Journals</subfield>
            <subfield code="s">Available from 2011.</subfield>
            <subfield code="t">Free E- Journals</subfield>
          </datafield>
        </record>
      </recordData>
      <recordPosition>22</recordPosition>
    </record>