
    <record>
      <recordSchema>marcxml</recordSchema>
      <recordPacking>xml</recordPacking>
      <recordData>
        <record xmlns="">
          <leader>00288cam-a2200109z--4500</leader>
          <controlfield tag="001">999919798886102204</controlfield>
          <controlfield tag="005">20150827154831.0</controlfield>
          <controlfield tag="008">121018u1718uuuuuuuuu-|------u|----|eng-d</controlfield>
          <datafield tag="035" ind1=" " ind2=" ">
            <subfield code="a">(CKB)3360000000333919</subfield>
          </datafield>
          <datafield tag="035" ind1=" " ind2=" ">
            <subfield code="a">(EXLCZ)993360000000333919</subfield>
          </datafield>
          <datafield tag="245" ind1=" " ind2="4">
            <subfield code="a">The cheese-Mongers case, Relating to Dover Peer</subfield>
          </datafield>
          <datafield tag="260" ind1=" " ind2=" ">
            <subfield code="a">Londo</subfield>
          </datafield>
          <datafield tag="906" ind1=" " ind2=" ">
            <subfield code="a">DOCUMENT</subfield>
          </datafield>
          <datafield tag="AVE" ind1=" " ind2=" ">
            <subfield code="m">Gale Eighteenth Century Collections Online I</subfield>
            <subfield code="t">Galegroup</subfield>
          </datafield>
        </record>
      </recordData>
      <recordPosition>23</recordPosition>
    </record>