
    <record>
      <recordSchema>marcxml</recordSchema>
      <recordPacking>xml</recordPacking>
      <recordData>
        <record xmlns="">
          <leader>01306nas  2200385 a 4500</leader>
          <controlfield tag="001">999919760074702204</controlfield>
          <controlfield tag="005">20111024144437.0</controlfield>
          <controlfield tag="007">t|</controlfield>
          <controlfield tag="008">890424c19299999wiuwr pe      0   a0eng c</controlfield>
          <datafield tag="010" ind1=" " ind2=" ">
            <subfield code="a">sn 90004492</subfield>
            <subfield code="z">sn 78000033</subfield>
          </datafield>
          <datafield tag="022" ind1=" " ind2=" ">
            <subfield code="a">0009-2142</subfield>
          </datafield>
          <datafield tag="030" ind1=" " ind2=" ">
            <subfield code="a">CHERA8</subfield>
          </datafield>
          <datafield tag="032" ind1=" " ind2=" ">
            <subfield code="a">101560</subfield>
            <subfield code="b">USPS</subfield>
          </datafield>
          <datafield tag="035" ind1=" " ind2=" ">
            <subfield code="a">(OCoLC)19591521</subfield>
          </datafield>
          <datafield tag="035" ind1=" " ind2=" ">
            <subfield code="a">(CKB)110978977276882</subfield>
          </datafield>
          <datafield tag="035" ind1=" " ind2=" ">
            <subfield code="a">(CONSER)sn 90004492</subfield>
          </datafield>
          <datafield tag="035" ind1=" " ind2=" ">
            <subfield code="a">(EXLCZ)99110978977276882</subfield>
          </datafield>
          <datafield tag="037" ind1=" " ind2=" ">
            <subfield code="b">Cheese Reporter, 6401 Odana Rd., Madison, WI 53719</subfield>
          </datafield>
          <datafield tag="042" ind1=" " ind2=" ">
            <subfield code="a">nsdp</subfield>
            <subfield code="a">pcc</subfield>
          </datafield>
          <datafield tag="043" ind1=" " ind2=" ">
            <subfield code="a">n-us---</subfield>
            <subfield code="a">n-us-wi</subfield>
          </datafield>
          <datafield tag="050" ind1="1" ind2="0">
            <subfield code="a">NOT IN LC</subfield>
          </datafield>
          <datafield tag="082" ind1="1" ind2="0">
            <subfield code="a">338</subfield>
            <subfield code="2">11</subfield>
          </datafield>
          <datafield tag="210" ind1="0" ind2=" ">
            <subfield code="a">Cheese report.</subfield>
          </datafield>
          <datafield tag="222" ind1=" " ind2="4">
            <subfield code="a">The Cheese reporter</subfield>
          </datafield>
          <datafield tag="245" ind1="0" ind2="0">
            <subfield code="a">Cheese reporter.</subfield>
          </datafield>
          <datafield tag="246" ind1=" " ind2=" ">
            <subfield code="a">The Cheese reporter</subfield>
          </datafield>
          <datafield tag="260" ind1=" " ind2=" ">
            <subfield code="a">Sheboygan Falls, Wis. :</subfield>
            <subfield code="b">Perry &amp; Perry Publishers,</subfield>
            <subfield code="c">1929-</subfield>
          </datafield>
          <datafield tag="300" ind1=" " ind2=" ">
            <subfield code="a">v. :</subfield>
            <subfield code="b">ill. ;</subfield>
            <subfield code="c">41 cm.</subfield>
          </datafield>
          <datafield tag="310" ind1=" " ind2=" ">
            <subfield code="a">Weekly</subfield>
          </datafield>
          <datafield tag="362" ind1="0" ind2=" ">
            <subfield code="a">Vol. 53, no. 25 (Mar. 2, 1929)-</subfield>
          </datafield>
          <datafield tag="500" ind1=" " ind2=" ">
            <subfield code="a">Imprint varies, &lt;1963->: Madison, Wis. : Cheese Reporter Pub. Co.</subfield>
          </datafield>
          <datafield tag="588" ind1=" " ind2=" ">
            <subfield code="a">Latest issue consulted: Vol. 114, no. 1 (Friday, July 28, 1989) (surrogate).</subfield>
          </datafield>
          <datafield tag="650" ind1=" " ind2="0">
            <subfield code="a">Dairy products</subfield>
            <subfield code="v">Periodicals.</subfield>
          </datafield>
          <datafield tag="650" ind1=" " ind2="0">
            <subfield code="a">Dairy products</subfield>
            <subfield code="x">Marketing</subfield>
            <subfield code="v">Periodicals.</subfield>
          </datafield>
          <datafield tag="906" ind1=" " ind2=" ">
            <subfield code="a">JOURNAL</subfield>
          </datafield>
          <datafield tag="AVE" ind1=" " ind2=" ">
            <subfield code="m">Free E- Journals</subfield>
            <subfield code="s">Available from 2009.</subfield>
            <subfield code="t">Free E- Journals</subfield>
          </datafield>
        </record>
      </recordData>
      <recordPosition>24</recordPosition>
    </record>