
    <record>
      <recordSchema>marcxml</recordSchema>
      <recordPacking>xml</recordPacking>
      <recordData>
        <record xmlns="">
          <leader>01253cam a2200301 c 4500</leader>
          <controlfield tag="001">999517132054702204</controlfield>
          <controlfield tag="005">20110607095845.0</controlfield>
          <controlfield tag="007">ta</controlfield>
          <controlfield tag="008">110607s1995    xx#|||||||||||100|u|eng|d</controlfield>
          <datafield tag="020" ind1=" " ind2=" ">
            <subfield code="a">030644982X</subfield>
          </datafield>
          <datafield tag="035" ind1=" " ind2=" ">
            <subfield code="a">951713205-47bibsys_network</subfield>
          </datafield>
          <datafield tag="035" ind1=" " ind2=" ">
            <subfield code="a">(NO-TrBIB)951713205</subfield>
          </datafield>
          <datafield tag="035" ind1=" " ind2=" ">
            <subfield code="a">(EXLNZ-47BIBSYS_NETWORK)999517132054702201</subfield>
          </datafield>
          <datafield tag="040" ind1=" " ind2=" ">
            <subfield code="a">NO-TrBIB</subfield>
            <subfield code="b">nob</subfield>
            <subfield code="e">katreg</subfield>
          </datafield>
          <datafield tag="080" ind1=" " ind2=" ">
            <subfield code="a">637.3.054:544.02</subfield>
          </datafield>
          <datafield tag="245" ind1="0" ind2="0">
            <subfield code="a">Chemistry of structure-function relationships in cheese</subfield>
            <subfield code="c">edited by Edyth L. Malin, Michael H. Tunick</subfield>
          </datafield>
          <datafield tag="260" ind1=" " ind2=" ">
            <subfield code="a">New York</subfield>
            <subfield code="b">Plenum Press</subfield>
            <subfield code="c">c1995</subfield>
          </datafield>
          <datafield tag="300" ind1=" " ind2=" ">
            <subfield code="a">IX, 397 s.</subfield>
            <subfield code="b">ill.</subfield>
          </datafield>
          <datafield tag="490" ind1="1" ind2=" ">
            <subfield code="a">Advances in experimental medicine and biology</subfield>
            <subfield code="v">vol. 367</subfield>
          </datafield>
          <datafield tag="500" ind1=" " ind2=" ">
            <subfield code="a">"Proceedings of an American Chemical Society symposium on  Chemistry of Structure/Function Relationships in Cheese, held 23-25,  1993, in Chicago, Illinois" - Tittelbladets bakside.</subfield>
          </datafield>
          <datafield tag="650" ind1=" " ind2="2">
            <subfield code="a">Food Technology</subfield>
          </datafield>
          <datafield tag="650" ind1=" " ind2="0">
            <subfield code="a">Cheese</subfield>
            <subfield code="x">Composition Congresses</subfield>
          </datafield>
          <datafield tag="650" ind1=" " ind2="2">
            <subfield code="a">Cheese</subfield>
          </datafield>
          <datafield tag="650" ind1=" " ind2="2">
            <subfield code="a">Cheese</subfield>
            <subfield code="x">analysis</subfield>
          </datafield>
          <datafield tag="700" ind1="1" ind2=" ">
            <subfield code="a">Malin, Edyth L.</subfield>
            <subfield code="0">(NO-TrBIB)90842061</subfield>
          </datafield>
          <datafield tag="700" ind1="1" ind2=" ">
            <subfield code="a">Tunick, Michael H.</subfield>
            <subfield code="0">(NO-TrBIB)90842062</subfield>
          </datafield>
          <datafield tag="710" ind1="2" ind2=" ">
            <subfield code="a">American Chemical Society</subfield>
            <subfield code="b">Symposium on Chemistry of Structure/ Function Relationships in Cheese</subfield>
            <subfield code="0">(NO-TrBIB)90842063</subfield>
          </datafield>
          <datafield tag="830" ind1=" " ind2="0">
            <subfield code="a">Advances in experimental medicine and biology</subfield>
            <subfield code="v">vol. 367</subfield>
          </datafield>
          <datafield tag="901" ind1=" " ind2=" ">
            <subfield code="a">80</subfield>
          </datafield>
          <datafield tag="AVA" ind1=" " ind2=" ">
            <subfield code="0">999517132054702204</subfield>
            <subfield code="a">47BIBSYS_UBO</subfield>
            <subfield code="b">1032300</subfield>
            <subfield code="c">UMED Tidsskr</subfield>
            <subfield code="e">available</subfield>
            <subfield code="f">1</subfield>
            <subfield code="g">0</subfield>
            <subfield code="j">k00246</subfield>
            <subfield code="k">8</subfield>
            <subfield code="p">1</subfield>
          </datafield>
        </record>
      </recordData>
      <recordPosition>25</recordPosition>
    </record>