
    <record>
      <recordSchema>marcxml</recordSchema>
      <recordPacking>xml</recordPacking>
      <recordData>
        <record xmlns="">
          <leader>00602cam a2200193 c 4500</leader>
          <controlfield tag="001">990823073264702204</controlfield>
          <controlfield tag="005">20120223100129.0</controlfield>
          <controlfield tag="007">ta</controlfield>
          <controlfield tag="008">120223s2008    xx#|||||||||||000|u|eng|d</controlfield>
          <datafield tag="020" ind1=" " ind2=" ">
            <subfield code="a">9789744801180</subfield>
            <subfield code="q">h.</subfield>
          </datafield>
          <datafield tag="035" ind1=" " ind2=" ">
            <subfield code="a">082307326-47bibsys_network</subfield>
          </datafield>
          <datafield tag="035" ind1=" " ind2=" ">
            <subfield code="a">(NO-TrBIB)082307326</subfield>
          </datafield>
          <datafield tag="035" ind1=" " ind2=" ">
            <subfield code="a">(EXLNZ-47BIBSYS_NETWORK)990823073264702201</subfield>
          </datafield>
          <datafield tag="040" ind1=" " ind2=" ">
            <subfield code="a">NO-TrBIB</subfield>
            <subfield code="b">nob</subfield>
            <subfield code="e">katreg</subfield>
          </datafield>
          <datafield tag="092" ind1=" " ind2=" ">
            <subfield code="a">394.1095498</subfield>
            <subfield code="q">NoOU</subfield>
            <subfield code="9">LOCAL</subfield>
          </datafield>
          <datafield tag="092" ind1=" " ind2=" ">
            <subfield code="a">306.095498</subfield>
            <subfield code="q">NoOU</subfield>
            <subfield code="9">LOCAL</subfield>
          </datafield>
          <datafield tag="100" ind1="1" ind2=" ">
            <subfield code="a">Choden, Kunzang</subfield>
            <subfield code="0">(NO-TrBIB)90756038</subfield>
          </datafield>
          <datafield tag="245" ind1="1" ind2="0">
            <subfield code="a">Chilli and cheese :</subfield>
            <subfield code="b">food and society in Bhutan</subfield>
            <subfield code="c">Kunzang Choden ; photographs by Walter Roder</subfield>
          </datafield>
          <datafield tag="260" ind1=" " ind2=" ">
            <subfield code="a">Bangkok</subfield>
            <subfield code="b">White Lotus Press</subfield>
            <subfield code="c">c2008</subfield>
          </datafield>
          <datafield tag="300" ind1=" " ind2=" ">
            <subfield code="a">XIII, 227 s.</subfield>
            <subfield code="b">ill.</subfield>
          </datafield>
          <datafield tag="653" ind1=" " ind2=" ">
            <subfield code="a">mat</subfield>
            <subfield code="a">kultur</subfield>
            <subfield code="a">bhutan</subfield>
            <subfield code="a">ritualer</subfield>
            <subfield code="a">mattradisjoner</subfield>
          </datafield>
          <datafield tag="901" ind1=" " ind2=" ">
            <subfield code="a">80</subfield>
          </datafield>
          <datafield tag="AVA" ind1=" " ind2=" ">
            <subfield code="0">990823073264702204</subfield>
            <subfield code="a">47BIBSYS_UBO</subfield>
            <subfield code="b">1030010</subfield>
            <subfield code="c">UHS/ETNO</subfield>
            <subfield code="d">Kc 269 Cho</subfield>
            <subfield code="e">unavailable</subfield>
            <subfield code="f">1</subfield>
            <subfield code="g">1</subfield>
            <subfield code="j">k00075</subfield>
            <subfield code="k">8</subfield>
            <subfield code="p">1</subfield>
          </datafield>
        </record>
      </recordData>
      <recordPosition>26</recordPosition>
    </record>