
    <record>
      <recordSchema>marcxml</recordSchema>
      <recordPacking>xml</recordPacking>
      <recordData>
        <record xmlns="">
          <leader>-----cam-a22-----z--4500</leader>
          <controlfield tag="001">999919779242302204</controlfield>
          <controlfield tag="008">121018u1787uuuuuuuuu-|------u|----|eng-d</controlfield>
          <datafield tag="035" ind1=" " ind2=" ">
            <subfield code="a">(CKB)3360000000210830</subfield>
          </datafield>
          <datafield tag="035" ind1=" " ind2=" ">
            <subfield code="a">(EXLCZ)993360000000210830</subfield>
          </datafield>
          <datafield tag="245" ind1=" " ind2=" ">
            <subfield code="a">Concise observations on the nature of our common food, so far as it tends to promote or injure health With Remarks on Water, Bread, Meat, Cheese, Butter, Milk, Wine, Punch, Beer, Coffee, Tea, Sugar, &amp;c. &amp;c. By a gentleman of the faculty</subfield>
          </datafield>
          <datafield tag="260" ind1=" " ind2=" ">
            <subfield code="a">London</subfield>
          </datafield>
          <datafield tag="906" ind1=" " ind2=" ">
            <subfield code="a">DOCUMENT</subfield>
          </datafield>
          <datafield tag="AVE" ind1=" " ind2=" ">
            <subfield code="m">Gale Eighteenth Century Collections Online I</subfield>
            <subfield code="t">Galegroup</subfield>
          </datafield>
        </record>
      </recordData>
      <recordPosition>28</recordPosition>
    </record>