
    <record>
      <recordSchema>marcxml</recordSchema>
      <recordPacking>xml</recordPacking>
      <recordData>
        <record xmlns="">
          <leader>04626nam a22004333u 4500</leader>
          <controlfield tag="001">999919752295802204</controlfield>
          <controlfield tag="005">20131021011009.0</controlfield>
          <controlfield tag="006">m        d</controlfield>
          <controlfield tag="007">cr -n---------</controlfield>
          <controlfield tag="008">131021s2012|||||||     s|||||||||||eng|d</controlfield>
          <datafield tag="020" ind1=" " ind2=" ">
            <subfield code="e">1-118-26025-2</subfield>
          </datafield>
          <datafield tag="020" ind1=" " ind2=" ">
            <subfield code="e">1-282-16531-3</subfield>
          </datafield>
          <datafield tag="020" ind1=" " ind2=" ">
            <subfield code="e">9786613808547</subfield>
          </datafield>
          <datafield tag="020" ind1=" " ind2=" ">
            <subfield code="e">1-118-22167-2</subfield>
          </datafield>
          <datafield tag="020" ind1=" " ind2=" ">
            <subfield code="a">1-118-00017-X</subfield>
          </datafield>
          <datafield tag="035" ind1=" " ind2=" ">
            <subfield code="a">(CKB)2550000000108185</subfield>
          </datafield>
          <datafield tag="035" ind1=" " ind2=" ">
            <subfield code="a">(EBL)861642</subfield>
          </datafield>
          <datafield tag="035" ind1=" " ind2=" ">
            <subfield code="a">(OCoLC)811787857</subfield>
          </datafield>
          <datafield tag="035" ind1=" " ind2=" ">
            <subfield code="a">(EXLCZ)992550000000108185</subfield>
          </datafield>
          <datafield tag="040" ind1=" " ind2=" ">
            <subfield code="a">AU-PeEL</subfield>
            <subfield code="b">eng</subfield>
            <subfield code="c">AU-PeEL</subfield>
            <subfield code="d">AU-PeEL</subfield>
          </datafield>
          <datafield tag="050" ind1=" " ind2="4">
            <subfield code="a">LB1044.87 .C655 2012</subfield>
          </datafield>
          <datafield tag="082" ind1="0" ind2="0">
            <subfield code="a">371.33/44678</subfield>
            <subfield code="a">371.3344678</subfield>
          </datafield>
          <datafield tag="100" ind1="1" ind2=" ">
            <subfield code="a">Conrad, Rita-Marie.</subfield>
          </datafield>
          <datafield tag="245" ind1="1" ind2="0">
            <subfield code="a">Continuing to Engage the Online Learner</subfield>
            <subfield code="h">[electronic resource] :</subfield>
            <subfield code="b">More Activities and Resources for Creative Instruction</subfield>
          </datafield>
          <datafield tag="246" ind1=" " ind2=" ">
            <subfield code="a">Continuing to Engage the Online Learner : More Activities and Resources for Creative Instruction</subfield>
          </datafield>
          <datafield tag="246" ind1=" " ind2=" ">
            <subfield code="a">Continuing to engage the online learner</subfield>
          </datafield>
          <datafield tag="246" ind1=" " ind2=" ">
            <subfield code="a">Jossey-Bass Guides to Online Teaching and Learning</subfield>
          </datafield>
          <datafield tag="260" ind1=" " ind2=" ">
            <subfield code="a">Hoboken :</subfield>
            <subfield code="b">Wiley,</subfield>
            <subfield code="c">2012.</subfield>
          </datafield>
          <datafield tag="300" ind1=" " ind2=" ">
            <subfield code="a">1 online resource (174 p.)</subfield>
          </datafield>
          <datafield tag="490" ind1="1" ind2=" ">
            <subfield code="a">Jossey-Bass Guides to Online Teaching and Learning ;</subfield>
            <subfield code="v">v.35</subfield>
          </datafield>
          <datafield tag="500" ind1=" " ind2=" ">
            <subfield code="a">Description based upon print version of record.</subfield>
          </datafield>
          <datafield tag="505" ind1="0" ind2=" ">
            <subfield code="a">Continuing to Engage the Online Learner; Contents; Tables, Figure, and Exhibit; Preface; The Authors; PART ONE: Revisiting Online Engagement; CHAPTER 1: The State of Online Engagement; FOUNDATIONS OF ENGAGEMENT; ENGAGEMENT IN TODAY'S ONLINE LEARNING ENVIRONMENT; IMPACT OF SOCIAL NETWORKING AND CONNECTIVISM; INCREASING TRANSFORMATIONAL LEARNING; THE TWENTY-FIRST-CENTURY LEARNER; THE ENGAGED EDUCATOR; INSTRUCTOR'S ROLE AND PHILOSOPHY; CREATING A SENSE OF PRESENCE; MOBILE TECHNOLOGY; SUMMARY; CHAPTER 2: Evolution of the Phases of Engagement; PHASE 1: CONNECT; PHASE 2: COMMUNICATE</subfield>
          </datafield>
          <datafield tag="505" ind1="8" ind2=" ">
            <subfield code="a">PHASE 3: COLLABORATEPHASE 4: CO-FACILITATE; PHASE 5: CONTINUE; APPROPRIATE ACTIVITIES; SUMMARY; CHAPTER 3: Implementing the Phases of Engagement; ONLINE OR BLENDED?; ENGAGING LARGE CLASSES; MANAGING ENGAGEMENT; TIMELY COMMUNICATION; INSTRUCTOR TIME MANAGEMENT; CHANGING COURSE; ONLINE EDUCATOR'S "BILL OF RIGHTS"; DEALING WITH DIFFICULT STUDENTS; SUMMARY; CHAPTER 4: Assessing Online Engaged Learning; DEVELOPING A WRITTEN ASSESSMENT FOR ONLINE ENGAGED LEARNING; DEVELOPING A PERFORMANCE ASSESSMENT FOR ONLINE ENGAGED LEARNING; GRADING; PROVIDING FEEDBACK; TECHNOLOGY TO USE FOR ASSESSMENT</subfield>
          </datafield>
          <datafield tag="505" ind1="8" ind2=" ">
            <subfield code="a">PHASE-BASED ASSESSMENTUSING ASSESSMENT TO IMPROVE ENGAGEMENT; SUMMARY; PART TWO: Activities to Engage Online Learners; CHAPTER 5: Phase 1 Activities: Connect; TEN-QUESTION HUNT; BUCKET LIST; DREAM JOB; E.T., PHONE HOME; FOUR NOUNS; HOT POTATO; LIFE WITHOUT . . .; LOCATION, LOCATION, LOCATION; MOVIE OR SONG OF YOUR LIFE; PASSION; RAINBOW; UNTIDY TIMELINE; WOULD YOU RATHER . . . ?; CHAPTER 6: Phase 2 Activities: Communicate; 100 . . . 150; FIVE WORDS; BOOLEAN SEARCH; ELEVATOR TALK; FOCUSED LISTENING; LET'S EXPLORE LINGO; ONLINE RESOURCE TIME TRAVEL; READING A BRIEF; REINCARNATION; UH-OH!</subfield>
          </datafield>
          <datafield tag="505" ind1="8" ind2=" ">
            <subfield code="a">CHAPTER 7: Phase 3 Activities: CollaborateBUILD YOUR OWN SEARCH ENGINE; BUILDING A BETTER KEYBOARD; GROUP WIKI; HOT AIR BALLOON; REVERSE BRAINSTORM; STUDENT-POWERED NING BLOGGING; TEAM KICKOFF; VEGETABLES; VIRTUAL LOUNGE; VLOGS ARE US; WHINE AND CHEESE PARTY; CHAPTER 8: Phase 4 Activities: Co-Facilitate; COURSE VOCABULARY BANK; FACILITATING DIVERSITY ONLINE; FACTOIDS; GOOGLE DOCS FOR PEER EVALUATION; ONLINE ROLE-PLAY; VIRTUAL DINING MEETING; CHAPTER 9: Phase 5 Activities: Continue; CLOUD QUILT; CONCEPT QUILT; DOLLAR STORE; DO OVER; JOB INTERVIEW; LESSONS LEARNED; LESSONS MEET APPLICATION</subfield>
          </datafield>
          <datafield tag="505" ind1="8" ind2=" ">
            <subfield code="a">POEM FROM THE MIND OF . . .POETRY MEETS THEORY; SHOW ME THE MONEY; TALK WITH GRANDMOTHER; VIRTUAL DOOR; References; Index</subfield>
          </datafield>
          <datafield tag="520" ind1=" " ind2=" ">
            <subfield code="a">This book includes a definitive model for engaged learning that can be applied in a wide range of on-line learning environments and across age levels.  It also addresses current topics such as engaging in a blended learning environment, social networking, and using related technology tools. Continuing to Engage the Online Learner provides an introduction to the theory of engaged learning and its design, assessment, and management in online and blended learning environments. In addition, the book describes the types of activities that engage the online learner in each phase of engagement</subfield>
          </datafield>
          <datafield tag="650" ind1=" " ind2="4">
            <subfield code="a">Computer-assisted instruction.</subfield>
          </datafield>
          <datafield tag="650" ind1=" " ind2="4">
            <subfield code="a">Computer-assisted instruction.</subfield>
          </datafield>
          <datafield tag="650" ind1=" " ind2="4">
            <subfield code="a">EDUCATION / Distance Education &amp; Learning.</subfield>
          </datafield>
          <datafield tag="650" ind1=" " ind2="4">
            <subfield code="a">Internet in education.</subfield>
          </datafield>
          <datafield tag="650" ind1=" " ind2="4">
            <subfield code="a">Internet in education.</subfield>
          </datafield>
          <datafield tag="655" ind1=" " ind2="0">
            <subfield code="a">Electronic books.</subfield>
          </datafield>
          <datafield tag="700" ind1="1" ind2=" ">
            <subfield code="a">Donaldson, J. Ana.</subfield>
          </datafield>
          <datafield tag="830" ind1=" " ind2="0">
            <subfield code="a">Jossey-Bass Guides to Online Teaching and Learning</subfield>
          </datafield>
          <datafield tag="906" ind1=" " ind2=" ">
            <subfield code="a">BOOK</subfield>
          </datafield>
          <datafield tag="AVE" ind1=" " ind2=" ">
            <subfield code="m">EBSCOhost Ebooks</subfield>
            <subfield code="t">EBSCOhost</subfield>
          </datafield>
        </record>
      </recordData>
      <recordPosition>29</recordPosition>
    </record>