
    <record>
      <recordSchema>marcxml</recordSchema>
      <recordPacking>xml</recordPacking>
      <recordData>
        <record xmlns="">
          <leader>03112nam a22004093u 4500</leader>
          <controlfield tag="001">999919749049202204</controlfield>
          <controlfield tag="005">20131014011054.0</controlfield>
          <controlfield tag="006">m        d</controlfield>
          <controlfield tag="007">cr -n---------</controlfield>
          <controlfield tag="008">131014s2010|||||||     s|||||||||||eng|d</controlfield>
          <datafield tag="020" ind1=" " ind2=" ">
            <subfield code="e">1-283-51420-6</subfield>
          </datafield>
          <datafield tag="020" ind1=" " ind2=" ">
            <subfield code="e">9786613826657</subfield>
          </datafield>
          <datafield tag="020" ind1=" " ind2=" ">
            <subfield code="e">0-470-95916-9</subfield>
          </datafield>
          <datafield tag="020" ind1=" " ind2=" ">
            <subfield code="e">0-470-95912-6</subfield>
          </datafield>
          <datafield tag="020" ind1=" " ind2=" ">
            <subfield code="e">0-470-95907-X</subfield>
          </datafield>
          <datafield tag="020" ind1=" " ind2=" ">
            <subfield code="a">0-8138-1746-3</subfield>
          </datafield>
          <datafield tag="035" ind1=" " ind2=" ">
            <subfield code="a">(CKB)2670000000066695</subfield>
          </datafield>
          <datafield tag="035" ind1=" " ind2=" ">
            <subfield code="a">(EBL)644805</subfield>
          </datafield>
          <datafield tag="035" ind1=" " ind2=" ">
            <subfield code="a">(OCoLC)699475363</subfield>
          </datafield>
          <datafield tag="035" ind1=" " ind2=" ">
            <subfield code="a">(EXLCZ)992670000000066695</subfield>
          </datafield>
          <datafield tag="040" ind1=" " ind2=" ">
            <subfield code="a">AU-PeEL</subfield>
            <subfield code="b">eng</subfield>
            <subfield code="c">AU-PeEL</subfield>
            <subfield code="d">AU-PeEL</subfield>
          </datafield>
          <datafield tag="050" ind1=" " ind2="4">
            <subfield code="a">SF250.5.D34 2011</subfield>
          </datafield>
          <datafield tag="082" ind1="0" ind2="0">
            <subfield code="a">637</subfield>
          </datafield>
          <datafield tag="100" ind1="1" ind2=" ">
            <subfield code="a">Chandan, Ramesh C.</subfield>
          </datafield>
          <datafield tag="245" ind1="1" ind2="0">
            <subfield code="a">Dairy Ingredients for Food Processing</subfield>
            <subfield code="h">[electronic resource].</subfield>
          </datafield>
          <datafield tag="260" ind1=" " ind2=" ">
            <subfield code="a">Hoboken :</subfield>
            <subfield code="b">Wiley,</subfield>
            <subfield code="c">2010.</subfield>
          </datafield>
          <datafield tag="300" ind1=" " ind2=" ">
            <subfield code="a">1 online resource (606 p.)</subfield>
          </datafield>
          <datafield tag="500" ind1=" " ind2=" ">
            <subfield code="a">Description based upon print version of record.</subfield>
          </datafield>
          <datafield tag="505" ind1="0" ind2=" ">
            <subfield code="a">Dairy Ingredients for Food Processing; Contents; Contributors; Preface; Chapter 1: Dairy Ingredients for Food Processing: An Overview; Chapter 2: Chemical, Physical, and Functional Characteristics of Dairy Ingredients; Chapter 3: Microbiological Aspects of Dairy Ingredients; Chapter 4: Processing Principles of Dairy Ingredients; Chapter 5: Concentrated Fluid Milk Ingredients; Chapter 6: Dry Milk Ingredients; Chapter 7: Casein, Caseinates, and Milk Protein Concentrates; Chapter 8: Whey - based Ingredients; Chapter 9: Butter and Butter Products; Chapter 10: Principles of Cheese Technology</subfield>
          </datafield>
          <datafield tag="505" ind1="8" ind2=" ">
            <subfield code="a">Chapter 11: Manufacturing Outlines and Applications of Selected Cheese VarietiesChapter 12: Enzyme - modifi ed Dairy Ingredients; Chapter 13: Fermented Dairy Ingredients; Chapter 14: Functional Ingredients from Dairy Fermentations; Chapter 15: Dairy - based Ingredients: Regulatory Aspects; Chapter 16: Nutritive and Health Attributes of Dairy Ingredients; Chapter 17: Dairy Ingredients in Dairy Food Processing; Chapter 18: Dairy Ingredients in Bakery, Snacks, Sauces, Dressings, Processed Meats, and Functional Foods; Chapter 19: Dairy Ingredients in Chocolate and Confectionery Products</subfield>
          </datafield>
          <datafield tag="505" ind1="8" ind2=" ">
            <subfield code="a">Chapter 20: Dairy Ingredients in Infant and Adult Nutrition ProductsIndex</subfield>
          </datafield>
          <datafield tag="520" ind1=" " ind2=" ">
            <subfield code="a">The objective of this book is to provide a single reference source for those working with dairy-based ingredients, offering a comprehensive and practical account of the various dairy ingredients commonly used in food processing operations. The Editors have assembled a team of 25 authors from the United States, Australia, New Zealand, and the United Kingdom, representing a full range of international expertise from academic, industrial, and government research backgrounds. After introductory chapters which present the chemical, physical, functional and microbiological characteristics of dairy</subfield>
          </datafield>
          <datafield tag="650" ind1=" " ind2="4">
            <subfield code="a">Dairy microbiology.</subfield>
          </datafield>
          <datafield tag="650" ind1=" " ind2="4">
            <subfield code="a">Dairy microbiology.</subfield>
          </datafield>
          <datafield tag="650" ind1=" " ind2="4">
            <subfield code="a">Dairy processing.</subfield>
          </datafield>
          <datafield tag="650" ind1=" " ind2="4">
            <subfield code="a">Dairy processing.</subfield>
          </datafield>
          <datafield tag="650" ind1=" " ind2="4">
            <subfield code="a">Dairy products.</subfield>
          </datafield>
          <datafield tag="650" ind1=" " ind2="4">
            <subfield code="a">Dairy products.</subfield>
          </datafield>
          <datafield tag="650" ind1=" " ind2="4">
            <subfield code="a">TECHNOLOGY &amp; ENGINEERING / Food Science.</subfield>
          </datafield>
          <datafield tag="655" ind1=" " ind2="0">
            <subfield code="a">Electronic books.</subfield>
          </datafield>
          <datafield tag="700" ind1="1" ind2=" ">
            <subfield code="a">Kilara, Arun.</subfield>
          </datafield>
          <datafield tag="906" ind1=" " ind2=" ">
            <subfield code="a">BOOK</subfield>
          </datafield>
          <datafield tag="AVE" ind1=" " ind2=" ">
            <subfield code="m">Wiley Online Library Online Books</subfield>
            <subfield code="t">Wiley Online Library</subfield>
          </datafield>
        </record>
      </recordData>
      <recordPosition>30</recordPosition>
    </record>