
    <record>
      <recordSchema>marcxml</recordSchema>
      <recordPacking>xml</recordPacking>
      <recordData>
        <record xmlns="">
          <leader>03797nam a22003493u 4500</leader>
          <controlfield tag="001">999919754749902204</controlfield>
          <controlfield tag="005">20130930011201.0</controlfield>
          <controlfield tag="006">m        d</controlfield>
          <controlfield tag="007">cr -n---------</controlfield>
          <controlfield tag="008">130930s2011|||||||     s|||||||||||eng|d</controlfield>
          <datafield tag="020" ind1=" " ind2=" ">
            <subfield code="e">1-4419-9713-X</subfield>
          </datafield>
          <datafield tag="020" ind1=" " ind2=" ">
            <subfield code="a">1-4419-9712-1</subfield>
          </datafield>
          <datafield tag="035" ind1=" " ind2=" ">
            <subfield code="a">(CKB)2670000000096001</subfield>
          </datafield>
          <datafield tag="035" ind1=" " ind2=" ">
            <subfield code="a">(EBL)763674</subfield>
          </datafield>
          <datafield tag="035" ind1=" " ind2=" ">
            <subfield code="a">(OCoLC)745002059</subfield>
          </datafield>
          <datafield tag="035" ind1=" " ind2=" ">
            <subfield code="a">(EXLCZ)992670000000096001</subfield>
          </datafield>
          <datafield tag="040" ind1=" " ind2=" ">
            <subfield code="a">AU-PeEL</subfield>
            <subfield code="b">eng</subfield>
            <subfield code="c">AU-PeEL</subfield>
            <subfield code="d">AU-PeEL</subfield>
          </datafield>
          <datafield tag="050" ind1=" " ind2="4">
            <subfield code="a">TX551</subfield>
          </datafield>
          <datafield tag="082" ind1="0" ind2="0">
            <subfield code="a">641.103</subfield>
            <subfield code="a">664</subfield>
          </datafield>
          <datafield tag="100" ind1="1" ind2=" ">
            <subfield code="a">Igoe, Robert S.</subfield>
          </datafield>
          <datafield tag="245" ind1="1" ind2="0">
            <subfield code="a">Dictionary of Food Ingredients</subfield>
            <subfield code="h">[electronic resource].</subfield>
          </datafield>
          <datafield tag="260" ind1=" " ind2=" ">
            <subfield code="a">Dordrecht :</subfield>
            <subfield code="b">Springer,</subfield>
            <subfield code="c">2011.</subfield>
          </datafield>
          <datafield tag="300" ind1=" " ind2=" ">
            <subfield code="a">1 online resource (256 p.)</subfield>
          </datafield>
          <datafield tag="500" ind1=" " ind2=" ">
            <subfield code="a">Description based upon print version of record.</subfield>
          </datafield>
          <datafield tag="505" ind1="0" ind2=" ">
            <subfield code="a">Dictionary of Food Ingredients; Preface; Table of Contents; Part I Ingredients Dictionary; A; B; C; D; E; F; G; H; I; J; K; L; M; N; O; P; Q; R; S; T; U; V; W; X; Y; Z; Part II Ingredient Categories; ACIDULANTS; ANTIOXIDANTS; CHELATING AGENTS (SEQUESTRANTS); COLORS; Artificial Coloring; Natural Coloring; CORN SWEETENERS; EMULSIFIERS; FATS AND OILS; FLAVORS; FLOUR; GUMS; PRESERVATIVES; SPICES; STARCH; SWEETENERS; High-Intensity Sweeteners; VITAMINS; Part III Food Definitions and Formulations; CHEESE; CREAM PRODUCTS; DRESSINGS; FROZEN DESSERTS; FRUIT SPREADS; MACARONI AND NOODLE PRODUCTS</subfield>
          </datafield>
          <datafield tag="505" ind1="8" ind2=" ">
            <subfield code="a">MARGARINE AND BUTTERMILKS; PROCESS CHEESE; SYRUPS; TOMATO PRODUCTS; YOGURT; Part IV Additives/Substancesfor Use in Foods; Listed under Title 21 of the Code of Federal Regulations; PART 73-LISTING OF COLOR ADDITIVES EXEMPT FROM CERTIFICATION; Subpart A-Foods; PART 74-LISTING OF COLOR ADDITIVES SUBJECT TO CERTIFICATION; Subpart A-Foods; PART 82-LISTING OF CERTIFIED PROVISIONALLY LISTED COLORS AND SPECIFICATIONS; PART 172-FOOD ADDITIVES PERMITTED FOR DIRECT ADDITION TO FOOD FOR HUMAN CONSUMPTION; Subpart A-General Provisions; Subpart B-Food Preservatives</subfield>
          </datafield>
          <datafield tag="505" ind1="8" ind2=" ">
            <subfield code="a">Subpart C-Coatings, Films, and Related SubstancesSubpart D-Special Dietary and Nutritional Additives; Subpart E-Anticaking Agents; Subpart F-Flavoring Agents and Related Substances; Subpart G-Gums, Chewing Gum Bases, and Related Substances; Subpart H-Other Specific Usage Additives; Subpart I-Multipurpose Additives; PART 182-SUBSTANCES GENERALLY RECOGNIZED AS SAFE; Subpart A-General Provisions; Subpart B-Multiple Purpose GRAS Food Substances; Subpart C-Anticaking Agents; Subpart D-Chemical Preservatives; Subpart G-Sequestrants; Subpart H-Stabilizers; Subpart I-Nutrients</subfield>
          </datafield>
          <datafield tag="505" ind1="8" ind2=" ">
            <subfield code="a">PART 184-DIRECT FOOD SUBSTANCES AFFIRMED AS GENERALLY RECOGNIZED AS SAFESubpart A-General Provisions; Subpart B-Listing of Specific Substances Affirmed as GRAS; PART 186-INDIRECT FOOD SUBSTANCES AFFIRMED AS GENERALLY RECOGNIZED AS SAFE; Subpart A-General Provisions; Subpart B-Specific Substances Affirmed as GRAS; Part V Food Additives E Numbers in the European Union; Food Additives E Numbers; E Number List; Bibliography</subfield>
          </datafield>
          <datafield tag="520" ind1=" " ind2=" ">
            <subfield code="a">The Dictionary of Food Ingredients is a unique, easy-to-use source of information on over 1,000 food ingredients and additives. Like the previous editions, the Fifth Edition provides clear and concise information on currently used additives, including natural ingredients, FDA-approved artificial ingredients, and compounds used in food processing. The dictionary entries, organized in alphabetical order, include information on ingredient functions, chemical properties, and uses in food products. This revised and updated fifth edition also features a new section, ""Food Definitions and Formulatio</subfield>
          </datafield>
          <datafield tag="650" ind1=" " ind2="4">
            <subfield code="a">Food -- Composition -- Dictionaries.</subfield>
          </datafield>
          <datafield tag="650" ind1=" " ind2="4">
            <subfield code="a">Food.</subfield>
          </datafield>
          <datafield tag="655" ind1=" " ind2="0">
            <subfield code="a">Electronic books.</subfield>
          </datafield>
          <datafield tag="906" ind1=" " ind2=" ">
            <subfield code="a">BOOK</subfield>
          </datafield>
          <datafield tag="AVE" ind1=" " ind2=" ">
            <subfield code="m">SpringerLink Books Complete</subfield>
            <subfield code="t">Springer Link</subfield>
          </datafield>
        </record>
      </recordData>
      <recordPosition>31</recordPosition>
    </record>