
    <record>
      <recordSchema>marcxml</recordSchema>
      <recordPacking>xml</recordPacking>
      <recordData>
        <record xmlns="">
          <leader>04933nam a22004213u 4500</leader>
          <controlfield tag="001">999919792985502204</controlfield>
          <controlfield tag="005">20150427011114.0</controlfield>
          <controlfield tag="006">m        d</controlfield>
          <controlfield tag="007">cr -n---------</controlfield>
          <controlfield tag="008">150427s2014|||||||     s|||||||||||eng|d</controlfield>
          <datafield tag="020" ind1=" " ind2=" ">
            <subfield code="e">3-319-10464-0</subfield>
          </datafield>
          <datafield tag="020" ind1=" " ind2=" ">
            <subfield code="a">3-319-10463-2</subfield>
          </datafield>
          <datafield tag="035" ind1=" " ind2=" ">
            <subfield code="a">(CKB)3710000000271828</subfield>
          </datafield>
          <datafield tag="035" ind1=" " ind2=" ">
            <subfield code="a">(EBL)1965267</subfield>
          </datafield>
          <datafield tag="035" ind1=" " ind2=" ">
            <subfield code="a">(EXLCZ)993710000000271828</subfield>
          </datafield>
          <datafield tag="040" ind1=" " ind2=" ">
            <subfield code="a">AU-PeEL</subfield>
            <subfield code="b">eng</subfield>
            <subfield code="c">AU-PeEL</subfield>
            <subfield code="d">AU-PeEL</subfield>
          </datafield>
          <datafield tag="050" ind1=" " ind2="4">
            <subfield code="a">QR82.A35</subfield>
          </datafield>
          <datafield tag="082" ind1="0" ind2="0">
            <subfield code="a">589.92</subfield>
            <subfield code="a">660.62</subfield>
          </datafield>
          <datafield tag="100" ind1="1" ind2=" ">
            <subfield code="a">Bora, Nagamani.</subfield>
          </datafield>
          <datafield tag="245" ind1="1" ind2="0">
            <subfield code="a">Diversity, Dynamics and Functional Role of Actinomycetes on European Smear Ripened Cheeses</subfield>
            <subfield code="h">[electronic resource].</subfield>
          </datafield>
          <datafield tag="260" ind1=" " ind2=" ">
            <subfield code="a">Cham :</subfield>
            <subfield code="b">Springer International Publishing,</subfield>
            <subfield code="c">2014.</subfield>
          </datafield>
          <datafield tag="300" ind1=" " ind2=" ">
            <subfield code="a">1 online resource (242 p.)</subfield>
          </datafield>
          <datafield tag="500" ind1=" " ind2=" ">
            <subfield code="a">Description based upon print version of record.</subfield>
          </datafield>
          <datafield tag="505" ind1="0" ind2=" ">
            <subfield code="a">Preface; Acknowledgements; Contents; Editors and Contributors; Editors; Contributors; Chapter 1: Smear Ripened Cheeses; 1.1 Background; 1.2 Smear Ripened Cheeses; 1.3 The Ingredients; 1.4 The Microbes at Work; 1.5 Smear-Cheese Flavour; 1.6 Conclusion; References; Chapter 2: Genomics and Functional Role of Actinomycetes on Smear Ripened Cheeses; 2.1 Evolution of Actinomycetes Influencing Smear Cheeses; 2.2 Genomics and Functional Aspects of Some Smear Cheese Bacteria; 2.2.1 Influence of Thriving Habitat on Loss of Genes; 2.2.2 Catabolism of Carbon Substrates Present in Cheeses</subfield>
          </datafield>
          <datafield tag="505" ind1="8" ind2=" ">
            <subfield code="a">2.2.3 Iron Acquisition2.2.4 Osmotolerance; 2.2.4.1 Osmotolerance and Trehalose; 2.2.5 Competition -Bacteriocins; 2.2.6 Bacteriophage; 2.2.7 Production of Flavour Compounds; 2.2.8 Pigment Production; 2.2.9 Proteolysis; 2.2.10 Peptidomics; 2.3 Conclusion; References; Chapter 3: Characterization of Actinomycetes from Smear Ripened Cheeses - A Polyphasic Approach; 3.1 Microbial Diversity; 3.2 The Species Concept; 3.3 Classification of Actinobacteria Isolated from Smear Cheeses; 3.4 Coryneforms; 3.4.1 The Suborder Micrococcineae; 3.4.1.1 The Family Brevibacteriaceae</subfield>
          </datafield>
          <datafield tag="505" ind1="8" ind2=" ">
            <subfield code="a">3.4.1.2 The Family Microbacteriaceae3.4.1.3 The Family Micrococcaceae; 3.4.2 The Suborder Propionibacterineae; 3.4.2.1 Family Propionibacteriaceae; 3.5 Culture Dependent Characterization of Bacteria; 3.6 The Role of Taxonomy in Identification and Characterisation of New Taxa; 3.6.1 Polyphasic Taxonomy; 3.7 Genotypic Molecular Markers; 3.7.1 16S rDNA Sequence Analysis; 3.7.2 DNA:DNA Relatedness Studies; 3.8 Chemical Markers Used in Classification; 3.8.1 Menaquinones; 3.8.2 Phospholipids; 3.8.3 Cell Wall Analysis; 3.9 Phenotypic Characterisation</subfield>
          </datafield>
          <datafield tag="505" ind1="8" ind2=" ">
            <subfield code="a">3.10 Case Study: 'Culture Dependent Characterization of Actinomycetes Diversity on European Smear Ripened Cheeses'3.10.1 Isolation and De-replication to Identify Community Diversity; 3.10.2 Sequencing 16S rDNA; 3.10.3 Cell Wall Analysis; 3.10.4 Mycolic Acids; 3.10.5 Cell Wall Analysis for Sugars; 3.10.6 Fatty Acid Analysis; 3.10.7 Polar Lipids Analysis; 3.10.8 Phenotypic Characterization; 3.10.9 Description of Four Novel Taxa Isolated and Identified from This Study; 3.10.9.1 Mycetocola reblochoni (Bora et al. 2008); 3.10.9.2 Leucobacter lepicola (Bora 2010 Unpublished)</subfield>
          </datafield>
          <datafield tag="505" ind1="8" ind2=" ">
            <subfield code="a">3.10.9.3 Agrococcus casei (Bora et al. 2007)3.10.9.4 Brevibacterium superficiens (Bora 2010 Unpublished); 3.11 Protocols; 3.11.1 Highthroughput DNA Extraction Method by Mechanical Lysis; 3.11.2 Repetitive PCR Finger Printing; 3.11.3 16S rDNA PCR Amplification; 3.11.4 Chemotaxonomic Analysis; 3.11.4.1 Determination of Isomers of Diaminopimelic Acid (A2pm) from Whole-Organism Hydrolysates of Isolates (Modified from Staneck and Roberts 1974); 3.11.4.2 Determination of the N-acyl Type of Muramic Acid Residues in the Peptidoglycan (Modified from Uchida et al. 1999)</subfield>
          </datafield>
          <datafield tag="505" ind1="8" ind2=" ">
            <subfield code="a">3.11.4.3 Detection of Mycolic Acids (Modified from Minnikin et al. 1984)</subfield>
          </datafield>
          <datafield tag="520" ind1=" " ind2=" ">
            <subfield code="a">Cheese is a significant part of European culture and its production, both industrial and artisanal, is a significant economic activity. Smear cheeses are one element of that diverse cultural and economic activity. And they are an ecological niche which illustrates the diversity of, especially, though not exclusively, actinomycetes. Mainstream ecology looks at the oceans, soil, rhizosphere, human microbiomes and plant, insect and marine animal symbionts which influence the climate, agriculture, human health and the ecology of higher organisms. But food microbiology can influence human well-bein</subfield>
          </datafield>
          <datafield tag="650" ind1=" " ind2="4">
            <subfield code="a">Actinomycetales.</subfield>
          </datafield>
          <datafield tag="650" ind1=" " ind2="4">
            <subfield code="a">Bacteriology.</subfield>
          </datafield>
          <datafield tag="650" ind1=" " ind2="4">
            <subfield code="a">Life sciences.</subfield>
          </datafield>
          <datafield tag="650" ind1=" " ind2="4">
            <subfield code="a">Microbial ecology.</subfield>
          </datafield>
          <datafield tag="650" ind1=" " ind2="4">
            <subfield code="a">Microbiology.</subfield>
          </datafield>
          <datafield tag="655" ind1=" " ind2="0">
            <subfield code="a">Electronic books.</subfield>
          </datafield>
          <datafield tag="700" ind1="1" ind2=" ">
            <subfield code="a">Dodd, Christine.</subfield>
          </datafield>
          <datafield tag="700" ind1="1" ind2=" ">
            <subfield code="a">Desmasures, Nathalie.</subfield>
          </datafield>
          <datafield tag="906" ind1=" " ind2=" ">
            <subfield code="a">BOOK</subfield>
          </datafield>
          <datafield tag="AVE" ind1=" " ind2=" ">
            <subfield code="m">SpringerLink Books Complete</subfield>
            <subfield code="t">Springer Link</subfield>
          </datafield>
        </record>
      </recordData>
      <recordPosition>32</recordPosition>
    </record>