
    <record>
      <recordSchema>marcxml</recordSchema>
      <recordPacking>xml</recordPacking>
      <recordData>
        <record xmlns="">
          <leader>01116cam-a2200133z--4500</leader>
          <controlfield tag="001">999919751857702204</controlfield>
          <controlfield tag="005">20150826214436.0</controlfield>
          <controlfield tag="008">121018uuuuuuuuuuuuuu-|------u|----|eng-d</controlfield>
          <datafield tag="035" ind1=" " ind2=" ">
            <subfield code="a">(CKB)1000000000644766</subfield>
          </datafield>
          <datafield tag="035" ind1=" " ind2=" ">
            <subfield code="a">(EXLCZ)991000000000644766</subfield>
          </datafield>
          <datafield tag="210" ind1=" " ind2=" ">
            <subfield code="a">THE DUTCH BOARE DISSECTED, OR A DESCRIPTION OF HOGG-LAND. A DUTCH MAN IS A LUSTY, FAT, TWO LEGGED CHEESE-WORM: A CREATURE, THAT IS SO ADDICTED TO EATING BUTTER, DRINKING FAT DRINK, &amp; SLIDING, THAT ALL THE VVORLD KNOWS HIM FOR A SLIPPERY FELLOW, AN</subfield>
          </datafield>
          <datafield tag="210" ind1=" " ind2=" ">
            <subfield code="a">THE DUTCH BOARE DISSECTED, OR A DESCRIPTION OF HOGG-LAND. A DUTCH MAN IS A LUSTY, FAT, TWO LEGGED CHEESE-WORM</subfield>
          </datafield>
          <datafield tag="210" ind1=" " ind2=" ">
            <subfield code="a">DUTCH BOARE DISSECTED, OR A DESCRIPTION OF HOGG-LAND. A DUTCH MAN IS A LUSTY, FAT, TWO LEGGED CHEESE-WORM: A CREATURE, THAT IS SO ADDICTED TO EATING BUTTER, DRINKING FAT DRINK, AND SLIDING, THAT ALL THE VVORLD KNOWS HIM FOR A SLIPPERY FELLOW, AN</subfield>
          </datafield>
          <datafield tag="245" ind1=" " ind2="4">
            <subfield code="a">The Dutch boare dissected, or a description of hogg-land. A Dutch man is a lusty, fat, two legged cheese-worm: a creature, that is so addicted to eating butter, drinking fat drink, and sliding, that all the vvorld knows him for a slippery fellow, an</subfield>
          </datafield>
          <datafield tag="906" ind1=" " ind2=" ">
            <subfield code="a">BOOK</subfield>
          </datafield>
          <datafield tag="AVE" ind1=" " ind2=" ">
            <subfield code="m">Early English Books Online (EEBO)</subfield>
            <subfield code="t">Chadwyck</subfield>
          </datafield>
        </record>
      </recordData>
      <recordPosition>33</recordPosition>
    </record>