
    <record>
      <recordSchema>marcxml</recordSchema>
      <recordPacking>xml</recordPacking>
      <recordData>
        <record xmlns="">
          <leader>02461nam a22003013u 4500</leader>
          <controlfield tag="001">999919757737502204</controlfield>
          <controlfield tag="005">20150105011015.0</controlfield>
          <controlfield tag="006">m        d</controlfield>
          <controlfield tag="007">cr -n---------</controlfield>
          <controlfield tag="008">150105s2011|||||||     s|||||||||||eng|d</controlfield>
          <datafield tag="020" ind1=" " ind2=" ">
            <subfield code="e">1-283-31176-3</subfield>
          </datafield>
          <datafield tag="020" ind1=" " ind2=" ">
            <subfield code="e">9786613311764</subfield>
          </datafield>
          <datafield tag="020" ind1=" " ind2=" ">
            <subfield code="e">1-4398-6716-X</subfield>
          </datafield>
          <datafield tag="020" ind1=" " ind2=" ">
            <subfield code="a">1-4398-6714-3</subfield>
          </datafield>
          <datafield tag="035" ind1=" " ind2=" ">
            <subfield code="a">(CKB)2550000000055947</subfield>
          </datafield>
          <datafield tag="035" ind1=" " ind2=" ">
            <subfield code="a">(EBL)1633222</subfield>
          </datafield>
          <datafield tag="035" ind1=" " ind2=" ">
            <subfield code="a">(EXLCZ)992550000000055947</subfield>
          </datafield>
          <datafield tag="040" ind1=" " ind2=" ">
            <subfield code="a">AU-PeEL</subfield>
            <subfield code="b">eng</subfield>
            <subfield code="c">AU-PeEL</subfield>
            <subfield code="d">AU-PeEL</subfield>
          </datafield>
          <datafield tag="050" ind1=" " ind2="4">
            <subfield code="a">QR84.5.A33 2012</subfield>
          </datafield>
          <datafield tag="082" ind1="0" ind2="0">
            <subfield code="a">660.620151535</subfield>
          </datafield>
          <datafield tag="100" ind1="1" ind2=" ">
            <subfield code="a">Ajbar, Abdelhamid.</subfield>
          </datafield>
          <datafield tag="245" ind1="1" ind2="0">
            <subfield code="a">Dynamics of the Chemostat</subfield>
            <subfield code="h">[electronic resource] :</subfield>
            <subfield code="b">A Bifurcation Theory Approach</subfield>
          </datafield>
          <datafield tag="246" ind1=" " ind2=" ">
            <subfield code="a">Dynamics of the Chemostat: A Bifurcation Theory Approach</subfield>
          </datafield>
          <datafield tag="246" ind1=" " ind2=" ">
            <subfield code="a">Dynamics of the Chemostat</subfield>
          </datafield>
          <datafield tag="260" ind1=" " ind2=" ">
            <subfield code="a">Hoboken :</subfield>
            <subfield code="b">Taylor and Francis,</subfield>
            <subfield code="c">2011.</subfield>
          </datafield>
          <datafield tag="300" ind1=" " ind2=" ">
            <subfield code="a">1 online resource (366 p.)</subfield>
          </datafield>
          <datafield tag="500" ind1=" " ind2=" ">
            <subfield code="a">Description based upon print version of record.</subfield>
          </datafield>
          <datafield tag="505" ind1="0" ind2=" ">
            <subfield code="a">Front Cover; Contents; Preface; 1. Introduction to Stability of Bioreactors; 2. Introduction to Bioreactors Models; 3. Introduction To Stability And Bifurcation Theory; 4. The Basic Model of Ideal Chemostat; 5. The Chemostat with Wall Attachment; 6. Pure and Simple Microbial Competition; 7. Stability of Continuous Recombinant DNA cultures; 8. Biodegradation of Mixed Substrates; 9. Predator-Prey Interactions; 10. Ratio-Dependent Modelsa; 11. Models with Product Formationa; 12. Models with Product Formation: Type II models; 13. Models with Product Formation: Type III Models</subfield>
          </datafield>
          <datafield tag="505" ind1="8" ind2=" ">
            <subfield code="a">14. Operability of Nonideal Bioreactors15. Operability of Prefermentation of Cheese culture; 16. Biodegradation of Wastewater; 17. Dynamics of Activated Sludge Reactors; 18. Complex Dynamics In Forced Bioreactors; Appendix A; Bibliography</subfield>
          </datafield>
          <datafield tag="520" ind1=" " ind2=" ">
            <subfield code="a">A ubiquitous tool in mathematical biology and chemical engineering, the chemostat often produces instabilities that pose safety hazards and adversely affect the optimization of bioreactive systems. Singularity theory and bifurcation diagrams together offer a useful framework for addressing these issues. Based on the authors' extensive work in this field, Dynamics of the Chemostat: A Bifurcation Theory Approach explores the use of bifurcation theory to analyze the static and dynamic behavior of the chemostat.IntroductionThe authors first survey the major work that has been carried out on the st</subfield>
          </datafield>
          <datafield tag="655" ind1=" " ind2="0">
            <subfield code="a">Electronic books.</subfield>
          </datafield>
          <datafield tag="700" ind1="1" ind2=" ">
            <subfield code="a">Alhumaizi, Khalid.</subfield>
          </datafield>
          <datafield tag="906" ind1=" " ind2=" ">
            <subfield code="a">BOOK</subfield>
          </datafield>
          <datafield tag="AVE" ind1=" " ind2=" ">
            <subfield code="m">MATHnetBASE</subfield>
            <subfield code="t">CRC_NETBASE</subfield>
          </datafield>
        </record>
      </recordData>
      <recordPosition>34</recordPosition>
    </record>