
    <record>
      <recordSchema>marcxml</recordSchema>
      <recordPacking>xml</recordPacking>
      <recordData>
        <record xmlns="">
          <leader>05009nam a22003853u 4500</leader>
          <controlfield tag="001">999919795850902204</controlfield>
          <controlfield tag="005">20150720011125.0</controlfield>
          <controlfield tag="006">m        d</controlfield>
          <controlfield tag="007">cr -n---------</controlfield>
          <controlfield tag="008">150720s2015|||||||     s|||||||||||eng|d</controlfield>
          <datafield tag="020" ind1=" " ind2=" ">
            <subfield code="e">3-319-12934-1</subfield>
          </datafield>
          <datafield tag="020" ind1=" " ind2=" ">
            <subfield code="a">3-319-12933-3</subfield>
          </datafield>
          <datafield tag="035" ind1=" " ind2=" ">
            <subfield code="a">(CKB)3710000000415727</subfield>
          </datafield>
          <datafield tag="035" ind1=" " ind2=" ">
            <subfield code="a">(EBL)2094154</subfield>
          </datafield>
          <datafield tag="035" ind1=" " ind2=" ">
            <subfield code="a">(EXLCZ)993710000000415727</subfield>
          </datafield>
          <datafield tag="040" ind1=" " ind2=" ">
            <subfield code="a">AU-PeEL</subfield>
            <subfield code="b">eng</subfield>
            <subfield code="c">AU-PeEL</subfield>
            <subfield code="d">AU-PeEL</subfield>
          </datafield>
          <datafield tag="082" ind1="0" ind2="0">
            <subfield code="a">610</subfield>
            <subfield code="a">616.0757</subfield>
            <subfield code="a">616.12</subfield>
            <subfield code="a">618.92</subfield>
          </datafield>
          <datafield tag="100" ind1="1" ind2=" ">
            <subfield code="a">Sadeghian, Hakimeh.</subfield>
          </datafield>
          <datafield tag="245" ind1="1" ind2="0">
            <subfield code="a">Echocardiographic Atlas of Adult Congenital Heart Disease</subfield>
            <subfield code="h">[electronic resource].</subfield>
          </datafield>
          <datafield tag="260" ind1=" " ind2=" ">
            <subfield code="a">Cham :</subfield>
            <subfield code="b">Springer International Publishing,</subfield>
            <subfield code="c">2015.</subfield>
          </datafield>
          <datafield tag="300" ind1=" " ind2=" ">
            <subfield code="a">1 online resource (486 p.)</subfield>
          </datafield>
          <datafield tag="500" ind1=" " ind2=" ">
            <subfield code="a">Description based upon print version of record.</subfield>
          </datafield>
          <datafield tag="505" ind1="0" ind2=" ">
            <subfield code="a"><![CDATA[Preface; Acknowledgement; Contents; Case 1: Atrial Septal Defect (ASD) Ostium Secundum Type; Case 2: Atrial Septal Defect (Ostium Secundum Type) Attached to&#xA0;the&#xA0;Coronary Sinus; Case 3: Atrial Septal Defect (Ostium Secundum Type) with&#xA0;a&#xA0;Small Rim to&#xA0;the&#xA0;Inferior Vena Cava; Case 4: Atrial Septal Defect (Ostium Secundum Type) with&#xA0;Pulmonary Arterial Hypertension Subjected to&#xA0;Patch Closure with&#xA0;a&#xA0;Valve; Case 5: Atrial Septal Defect (Ostium Secundum Type) During Device Closure; Case 6: Atrial Septal Defect (Ostium Secundum Type) Closure by&#xA0;the&#xA0;Amplatzer]]></subfield>
          </datafield>
          <datafield tag="505" ind1="8" ind2=" ">
            <subfield code="a"><![CDATA[Case 7: Atrial Septal Defect (Ostium Secundum Type) Unsuitable for&#xA0;Device ClosureCase 8: Fenestrated Interatrail Septum "Swiss Cheese-like Atrial Septal Defect"; Case 9: Multiple Atrial Septal Defects (Ostium Secundum Type); Case 10: Atrial Septal Defect (Ostium Secundum Type) with&#xA0;an&#xA0; Additional Defect in&#xA0;the&#xA0; Interatrial Septum; Case 11: Multiple Atrial Septal Defects (Ostium Secundum Type); Case 12: Atrial Septal Defect (Ostium Secundum Type) with&#xA0;Eisenmenger's Syndrome; Case 13: Follow-up Echocardiography of&#xA0;Atrial Septal Defect Device Closure]]></subfield>
          </datafield>
          <datafield tag="505" ind1="8" ind2=" ">
            <subfield code="a">Case 14: Atrial Septal Defect (Ostium Secundum Type) with&amp;#xA0;a&amp;#xA0;Prominent Chiari NetworkCase 15: Extremely Large Atrial Septal Defect (Ostium Secundum Type) with&amp;#xA0;Severe Tricuspid Regurgitation and&amp;#xA0;Severe Annulus Dilation; Case 16: Patent Foramen Ovale with Aneurysmal Interatrial Septum; Case 17: Patent Foramen Ovale with Partially Aneurysmal Interatrial Septum; Case 18: Interatrial Septal Aneurysm with a Large Patent Foramen Ovale; Case 19: Atrioventricular Septal Defect (Intermediate Form); Case 20: Atrioventricular Septal Defect (Transitional Form)</subfield>
          </datafield>
          <datafield tag="505" ind1="8" ind2=" ">
            <subfield code="a"><![CDATA[Case 21: Atrioventricular Septal Defect (Partial&#xA0;Form)Case 22: Atrioventricular Septal Defect (Transitional Form); Case 23: Atrioventricular Septal Defect (Complete Form) and&#xA0;a&#xA0;Common Atrium with&#xA0;Eisenmenger's Syndrome; Case 24: Common Atrium, Atrioventricular Septal Defect, Interrupted Inferior Vena Cava, Left Persistent Superior Vena Cava, and&#xA0;Left Azygous Vein; Case 25: Complete Atrioventricular Canal; Case 26: Severe Mitral Regurgitation Due&#xA0;to&#xA0;the&#xA0;Anterior Mitral Leaflet Cleft Post Surgery for&#xA0;an&#xA0; Atrioventricular Septal Defect]]></subfield>
          </datafield>
          <datafield tag="505" ind1="8" ind2=" ">
            <subfield code="a"><![CDATA[Case 27: Severe Mitral Regurgitation Post Surgery for&#xA0;an&#xA0;Atrioventricular Septal DefectCase 28: Sinus Venosus Atrial Septal Defect with&#xA0;a&#xA0;Partial Anomalous Pulmonary Venous Return (Two Right Pulmonary Veins); Case 29: Atrial Septal Defect (Sinus Venosus Type) with&#xA0;a&#xA0;Partial Anomalous Pulmonary Venous Return (Two Right Pulmonary Veins); Case 30: Atrial Septal Defect (Sinus Venosus Type) with&#xA0;a&#xA0;Partial Anomalous Pulmonary Venous Return (Three Right Pulmonary Veins); Case 31: Atrial Septal Defect (Sinus Venosus Type) with&#xA0;a&#xA0;Partial Anomalous Pulmonary Venous Return (Right&#xA0;Upper Pulmonary Vein)]]></subfield>
          </datafield>
          <datafield tag="505" ind1="8" ind2=" ">
            <subfield code="a">Case 32: Left Persistent Superior Vena Cava with&amp;#xA0;an&amp;#xA0;Atrial Septal Defect (Sinus&amp;#xA0;Venosus Type) with&amp;#xA0;a&amp;#xA0;Partial Anomalous Pulmonary Venous Return</subfield>
          </datafield>
          <datafield tag="520" ind1=" " ind2=" ">
            <subfield code="a">This atlas of echocardiography presents more than 100 cases of adult congenital heart disease, from diagnosis to treatment follow-up. The coverage is broad, encompassing atrial and ventricular septal defects, patent ductus arteriosus, cyanotic adult congenital heart disease, and numerous other anomalies, as well as findings on fetal echocardiography. For each disease, all echocardiographic images and views which proved of diagnostic value are arranged sequentially, with inclusion of transesophageal echocardiographic images whenever appropriate. Additional pertinent information is provided rela</subfield>
          </datafield>
          <datafield tag="650" ind1=" " ind2="4">
            <subfield code="a">Cardiology.</subfield>
          </datafield>
          <datafield tag="650" ind1=" " ind2="4">
            <subfield code="a">Medicine.</subfield>
          </datafield>
          <datafield tag="650" ind1=" " ind2="4">
            <subfield code="a">Pediatrics.</subfield>
          </datafield>
          <datafield tag="650" ind1=" " ind2="4">
            <subfield code="a">Radiology, Medical.</subfield>
          </datafield>
          <datafield tag="655" ind1=" " ind2="0">
            <subfield code="a">Electronic books.</subfield>
          </datafield>
          <datafield tag="700" ind1="1" ind2=" ">
            <subfield code="a">Savand-Roomi, Zahra.</subfield>
          </datafield>
          <datafield tag="906" ind1=" " ind2=" ">
            <subfield code="a">BOOK</subfield>
          </datafield>
          <datafield tag="AVE" ind1=" " ind2=" ">
            <subfield code="m">SpringerLink Books Complete</subfield>
            <subfield code="t">Springer Link</subfield>
          </datafield>
        </record>
      </recordData>
      <recordPosition>35</recordPosition>
    </record>