
    <record>
      <recordSchema>marcxml</recordSchema>
      <recordPacking>xml</recordPacking>
      <recordData>
        <record xmlns="">
          <leader>01342cam a2200337 c 4500</leader>
          <controlfield tag="001">991235833814702204</controlfield>
          <controlfield tag="005">20121114141917.0</controlfield>
          <controlfield tag="007">cr |||||||||||</controlfield>
          <controlfield tag="008">121114s2012    xx#|||||o|||||000|u|eng|d</controlfield>
          <datafield tag="020" ind1=" " ind2=" ">
            <subfield code="c">Gratis</subfield>
          </datafield>
          <datafield tag="035" ind1=" " ind2=" ">
            <subfield code="a">123583381-47bibsys_network</subfield>
          </datafield>
          <datafield tag="035" ind1=" " ind2=" ">
            <subfield code="a">(NO-TrBIB)123583381</subfield>
          </datafield>
          <datafield tag="035" ind1=" " ind2=" ">
            <subfield code="a">(EXLNZ-47BIBSYS_NETWORK)991235833814702201</subfield>
          </datafield>
          <datafield tag="040" ind1=" " ind2=" ">
            <subfield code="a">NO-TrBIB</subfield>
            <subfield code="b">nob</subfield>
            <subfield code="e">katreg</subfield>
          </datafield>
          <datafield tag="245" ind1="0" ind2="0">
            <subfield code="a">EuroMarketing :</subfield>
            <subfield code="b">Synnøve Findens Gudbrandsdals Cheese in Spain</subfield>
            <subfield code="c">Ruth-Helen Bøe ... [et al.]</subfield>
            <subfield code="h">[elektronisk ressurs]</subfield>
          </datafield>
          <datafield tag="260" ind1=" " ind2=" ">
            <subfield code="a">[Barcelona]</subfield>
            <subfield code="b">[Handelshøyskolen BI]</subfield>
            <subfield code="c">2012</subfield>
          </datafield>
          <datafield tag="500" ind1=" " ind2=" ">
            <subfield code="a">Skrevet av: Ruth-Helen Bøe, Nargis Høvik, Anniken Børseth, Ingrid Bjørbæk</subfield>
          </datafield>
          <datafield tag="500" ind1=" " ind2=" ">
            <subfield code="a">Bacheloroppgave i International Markedsføring fra ESADE Business School i Spania</subfield>
          </datafield>
          <datafield tag="500" ind1=" " ind2=" ">
            <subfield code="a">Bacheloroppgave - Handelshøyskolen BI, 2012</subfield>
          </datafield>
          <datafield tag="500" ind1=" " ind2=" ">
            <subfield code="a">Omfang: 120 s.</subfield>
          </datafield>
          <datafield tag="500" ind1=" " ind2=" ">
            <subfield code="a">Tittel fra tittelskjermbildet (sett 14. november 2012)</subfield>
          </datafield>
          <datafield tag="506" ind1="0" ind2=" ">
            <subfield code="f">Åpen tilgang</subfield>
          </datafield>
          <datafield tag="610" ind1="2" ind2="4">
            <subfield code="a">Synnøve Finden AS</subfield>
            <subfield code="0">(NO-TrBIB)99069870</subfield>
          </datafield>
          <datafield tag="653" ind1=" " ind2=" ">
            <subfield code="a">internasjonal</subfield>
            <subfield code="a">markedsføring</subfield>
            <subfield code="a">spania</subfield>
          </datafield>
          <datafield tag="700" ind1="1" ind2=" ">
            <subfield code="a">Bøe, Ruth-Helen</subfield>
            <subfield code="0">(NO-TrBIB)12066094</subfield>
          </datafield>
          <datafield tag="700" ind1="1" ind2=" ">
            <subfield code="a">Høvik, Nargis</subfield>
            <subfield code="0">(NO-TrBIB)12066095</subfield>
          </datafield>
          <datafield tag="700" ind1="1" ind2=" ">
            <subfield code="a">Børseth, Anniken</subfield>
            <subfield code="0">(NO-TrBIB)12066100</subfield>
          </datafield>
          <datafield tag="700" ind1="1" ind2=" ">
            <subfield code="a">Bjørbæk, Ingrid</subfield>
            <subfield code="0">(NO-TrBIB)12066099</subfield>
          </datafield>
          <datafield tag="856" ind1="4" ind2="0">
            <subfield code="3">Fulltekst</subfield>
            <subfield code="u">http://www.nb.no/idtjeneste/URN:NBN:no-bibsys_brage_35099</subfield>
            <subfield code="y">BI Bachelor</subfield>
            <subfield code="z">Gratis</subfield>
          </datafield>
          <datafield tag="901" ind1=" " ind2=" ">
            <subfield code="a">80</subfield>
          </datafield>
          <datafield tag="917" ind1=" " ind2=" ">
            <subfield code="a">s</subfield>
          </datafield>
          <datafield tag="999" ind1=" " ind2=" ">
            <subfield code="a">OA</subfield>
            <subfield code="9">LOCAL</subfield>
          </datafield>
          <datafield tag="999" ind1=" " ind2=" ">
            <subfield code="a">OA</subfield>
            <subfield code="9">LOCAL</subfield>
          </datafield>
          <datafield tag="999" ind1=" " ind2=" ">
            <subfield code="a">OA</subfield>
            <subfield code="9">LOCAL</subfield>
          </datafield>
        </record>
      </recordData>
      <recordPosition>36</recordPosition>
    </record>