
    <record>
      <recordSchema>marcxml</recordSchema>
      <recordPacking>xml</recordPacking>
      <recordData>
        <record xmlns="">
          <leader>04885nam a22004333u 4500</leader>
          <controlfield tag="001">999919794763302204</controlfield>
          <controlfield tag="005">20150427011117.0</controlfield>
          <controlfield tag="006">m        d</controlfield>
          <controlfield tag="007">cr -n---------</controlfield>
          <controlfield tag="008">150427s2015|||||||     s|||||||||||eng|d</controlfield>
          <datafield tag="020" ind1=" " ind2=" ">
            <subfield code="e">3-319-11635-5</subfield>
          </datafield>
          <datafield tag="020" ind1=" " ind2=" ">
            <subfield code="a">3-319-11634-7</subfield>
          </datafield>
          <datafield tag="035" ind1=" " ind2=" ">
            <subfield code="a">(CKB)3710000000356749</subfield>
          </datafield>
          <datafield tag="035" ind1=" " ind2=" ">
            <subfield code="a">(EBL)1973953</subfield>
          </datafield>
          <datafield tag="035" ind1=" " ind2=" ">
            <subfield code="a">(EXLCZ)993710000000356749</subfield>
          </datafield>
          <datafield tag="040" ind1=" " ind2=" ">
            <subfield code="a">AU-PeEL</subfield>
            <subfield code="b">eng</subfield>
            <subfield code="c">AU-PeEL</subfield>
            <subfield code="d">AU-PeEL</subfield>
          </datafield>
          <datafield tag="050" ind1=" " ind2="4">
            <subfield code="a">B65</subfield>
          </datafield>
          <datafield tag="050" ind1=" " ind2="4">
            <subfield code="a">BF61</subfield>
          </datafield>
          <datafield tag="050" ind1=" " ind2="4">
            <subfield code="a">HB73</subfield>
          </datafield>
          <datafield tag="082" ind1="0" ind2="0">
            <subfield code="a">150</subfield>
            <subfield code="a">330</subfield>
            <subfield code="a">340</subfield>
            <subfield code="a">340.1</subfield>
            <subfield code="a">340.56</subfield>
          </datafield>
          <datafield tag="100" ind1="1" ind2=" ">
            <subfield code="a">Mathis, Klaus.</subfield>
          </datafield>
          <datafield tag="245" ind1="1" ind2="0">
            <subfield code="a">European Perspectives on Behavioural Law and Economics</subfield>
            <subfield code="h">[electronic resource].</subfield>
          </datafield>
          <datafield tag="260" ind1=" " ind2=" ">
            <subfield code="a">Cham :</subfield>
            <subfield code="b">Springer International Publishing,</subfield>
            <subfield code="c">2015.</subfield>
          </datafield>
          <datafield tag="300" ind1=" " ind2=" ">
            <subfield code="a">1 online resource (276 p.)</subfield>
          </datafield>
          <datafield tag="490" ind1="1" ind2=" ">
            <subfield code="a">Economic Analysis of Law in European Legal Scholarship ;</subfield>
            <subfield code="v">v.2</subfield>
          </datafield>
          <datafield tag="500" ind1=" " ind2=" ">
            <subfield code="a">Description based upon print version of record.</subfield>
          </datafield>
          <datafield tag="505" ind1="0" ind2=" ">
            <subfield code="a">Foreword; Preface ; Introduction ; Contents; Contributors; Part I; Foundation; Chapter-1; European and American Perspectives on Behavioral Law and Economics; 1.1 Introduction; 1.2 Behavioral Law and Economics, Generally; 1.3 Some Criticisms of Behavioral Law and Economics; 1.4 American and European Behavioral Law and Economics; 1.5 Conclusion; Bibliography; Chapter-2; The Next Generation of Behavioural Law and Economics; 2.1 Introduction; 2.2 Breadth; 2.2.1 Legal Systems; 2.2.2 Legal Fields; 2.3 Depth; 2.3.1 Methodology; 2.3.2 Substance; 2.4 Conclusion; Bibliography; Chapter-3</subfield>
          </datafield>
          <datafield tag="505" ind1="8" ind2=" ">
            <subfield code="a">From Rational Choice to Behavioural EconomicsTheoretical Foundations, Empirical Findings  and Legal Implications ; 3.1 Introduction; 3.2 Rational Choice Theory; 3.2.1 Individual Decisions; 3.2.2 Social Decisions; 3.3 Behavioural Economics; 3.3.1 Individual Decisions; 3.3.2 Social Decisions; 3.4 Conclusion; Bibliography; Part II; Applications; Chapter-4; Why Do We Need Responsive Regulation and Behavioural Research in EU Internal Market Law?; 4.1 Introduction; 4.2 Terminological and Political Clarifications; 4.3 The Legitimacy Market Failure of EU Internal Market Law</subfield>
          </datafield>
          <datafield tag="505" ind1="8" ind2=" ">
            <subfield code="a">4.3.1 Cheese from Raw Milk, or: Frenzy French Fromagers?4.3.2 One Standard Fits All: Or How to Alienate Consumers; 4.3.3 GMO Authorisation: Or Why Worry About New Technology?-A Very Short Comparative Analysis; 4.3.4 Conclusion: Responsive Regulation and Legitimacy; 4.4 Behavioural Research as Remedy: How Behavioural Research Contributes to Internal Market Integration; 4.4.1 EU Contract Law: The Case of Internet Contract Law; 4.4.2 Financial Markets Regulation: How the Neglect of Behavioural Studies in Regulation Triggered the Union's Legitimacy Crisis; 4.5 Conclusion; Bibliography; Chapter-5</subfield>
          </datafield>
          <datafield tag="505" ind1="8" ind2=" ">
            <subfield code="a">Can EU Consumer Law Benefit From Behavioural Insights?An Analysis of the Unfair Practices Directive ; 5.1 Consumer Law and Behavioural Science: The European Divide; 5.1.1 Why Is EU Consumer Law Resistant to Behavioural Insights?; 5.1.2 Reasons to Change; 5.1.3 Time to Change; 5.1.4 Change Must Happen at EU Level; 5.1.5 Challenges; 5.1.6 Aims and Scope of this Chapter; 5.1.7 Why Psychology?; 5.1.8 Word Choice; 5.1.9 Structure of this Paper; 5.2 Relevance of Social Psychology for EU Law on Unfair Practices</subfield>
          </datafield>
          <datafield tag="505" ind1="8" ind2=" ">
            <subfield code="a">5.2.1 Marketers Rely on Insights from Psychology and so Should Regulation of Marketing Practices5.2.2 Where Psychology Will not Help: Normative Indeterminacy in the UCPD; 5.2.3 What Psychology Can Help With: 'Material Distortion of Consumer Behaviour' and 'Misleading Practices'; 5.2.4 How Can Psychology Help? An Analytical Guide to Influence; 5.3 Commitment: A Notion Worth Borrowing from Psychology; 5.3.1 The Notion; 5.3.2 Influencing Techniques Based on Commitment; 5.3.3 Legal Relevance: Psychological Concepts as Building Material for Legal Tests</subfield>
          </datafield>
          <datafield tag="505" ind1="8" ind2=" ">
            <subfield code="a">5.4 The Value of Psychological Concepts for the Interpretation of Consumer Law</subfield>
          </datafield>
          <datafield tag="520" ind1=" " ind2=" ">
            <subfield code="a">This anthology highlights the theoretical foundations as well as the various applications of Behavioural Law and Economics in European legal culture. By the same token, it fosters the dialogue between European and American Law and Economics scholars.The traditional neo-classical microeconomic theory explains human behaviour by using Rational Choice. According to this model, people tend to maximize the difference between expected utility and cost ("expected utility theory"). This theory includes three assumptions: (1) unbounded rationality, (2) unbounded self-interest, and (3) unbounded willpo</subfield>
          </datafield>
          <datafield tag="650" ind1=" " ind2="4">
            <subfield code="a">Civil law.</subfield>
          </datafield>
          <datafield tag="650" ind1=" " ind2="4">
            <subfield code="a">Commercial law.</subfield>
          </datafield>
          <datafield tag="650" ind1=" " ind2="4">
            <subfield code="a">Law.</subfield>
          </datafield>
          <datafield tag="650" ind1=" " ind2="4">
            <subfield code="a">Law_xPsychological aspects.</subfield>
          </datafield>
          <datafield tag="655" ind1=" " ind2="0">
            <subfield code="a">Electronic books.</subfield>
          </datafield>
          <datafield tag="830" ind1=" " ind2="0">
            <subfield code="a">Economic Analysis of Law in European Legal Scholarship</subfield>
          </datafield>
          <datafield tag="906" ind1=" " ind2=" ">
            <subfield code="a">BOOK</subfield>
          </datafield>
          <datafield tag="AVE" ind1=" " ind2=" ">
            <subfield code="m">SpringerLink Books Complete</subfield>
            <subfield code="t">Springer Link</subfield>
          </datafield>
        </record>
      </recordData>
      <recordPosition>37</recordPosition>
    </record>