
    <record>
      <recordSchema>marcxml</recordSchema>
      <recordPacking>xml</recordPacking>
      <recordData>
        <record xmlns="">
          <leader>02862nam a22003733u 4500</leader>
          <controlfield tag="001">999919805292102204</controlfield>
          <controlfield tag="005">20130930011150.0</controlfield>
          <controlfield tag="006">m        d</controlfield>
          <controlfield tag="007">cr -n---------</controlfield>
          <controlfield tag="008">130930s2006|||||||     s|||||||||||eng|d</controlfield>
          <datafield tag="020" ind1=" " ind2=" ">
            <subfield code="e">0-387-68642-8</subfield>
          </datafield>
          <datafield tag="020" ind1=" " ind2=" ">
            <subfield code="a">0-387-33513-7</subfield>
          </datafield>
          <datafield tag="035" ind1=" " ind2=" ">
            <subfield code="a">(CKB)1000000000546020</subfield>
          </datafield>
          <datafield tag="035" ind1=" " ind2=" ">
            <subfield code="a">(EBL)417211</subfield>
          </datafield>
          <datafield tag="035" ind1=" " ind2=" ">
            <subfield code="a">(OCoLC)630532191</subfield>
          </datafield>
          <datafield tag="035" ind1=" " ind2=" ">
            <subfield code="a">(EXLCZ)991000000000546020</subfield>
          </datafield>
          <datafield tag="040" ind1=" " ind2=" ">
            <subfield code="a">AU-PeEL</subfield>
            <subfield code="b">eng</subfield>
            <subfield code="c">AU-PeEL</subfield>
            <subfield code="d">AU-PeEL</subfield>
          </datafield>
          <datafield tag="050" ind1=" " ind2="4">
            <subfield code="a">TP370 .E97 2008</subfield>
          </datafield>
          <datafield tag="082" ind1="0" ind2="0">
            <subfield code="a">664.02</subfield>
          </datafield>
          <datafield tag="100" ind1="1" ind2=" ">
            <subfield code="a">Vieira, Margarida.</subfield>
          </datafield>
          <datafield tag="210" ind1=" " ind2=" ">
            <subfield code="a">EXPERIMENTS IN UNIT OPERATIONS &amp; PROCESSING OF FOODS</subfield>
          </datafield>
          <datafield tag="210" ind1=" " ind2=" ">
            <subfield code="a">EXPERIMENTS IN UNIT OPERATIONS AND PROCESSING OF FOODS</subfield>
          </datafield>
          <datafield tag="245" ind1="1" ind2="0">
            <subfield code="a">Experiments in Unit Operations and Processing of Foods</subfield>
            <subfield code="h">[electronic resource].</subfield>
          </datafield>
          <datafield tag="246" ind1=" " ind2=" ">
            <subfield code="a">Integrating Safety and Environmental Knowledge Into Food Studies towards European Sustainable Development, Volume 5</subfield>
          </datafield>
          <datafield tag="260" ind1=" " ind2=" ">
            <subfield code="a">Dordrecht   :</subfield>
            <subfield code="b">Springer,</subfield>
            <subfield code="c">2006.</subfield>
          </datafield>
          <datafield tag="300" ind1=" " ind2=" ">
            <subfield code="a">1 online resource (207 p.)</subfield>
          </datafield>
          <datafield tag="490" ind1="1" ind2=" ">
            <subfield code="a">Integrating Safety and Environmental Knowledge Into Food Studies towards European Sustainable Develo ;</subfield>
            <subfield code="v">v.v. 5</subfield>
          </datafield>
          <datafield tag="500" ind1=" " ind2=" ">
            <subfield code="a">Description based upon print version of record.</subfield>
          </datafield>
          <datafield tag="505" ind1="0" ind2=" ">
            <subfield code="a">CONTENTS; CONTRIBUTORS; PART I CONVERSION OPERATIONS; 1. MIXING - DETERMINING MIXING PARAMETERS; 2. FILTRATION I - DETERMINING FILTERABILITY OF SUSPENSIONS; 3. FILTRATION II - USING A PLATE-AND-FRAME FILTER; 4. CENTRIFUGATION - SEPARATING CREAM FROM MILK; 5. CONCENTRATION - DIRECT OSMOTIC CONCENTRATION OF LIQUID FOODS; 6. OSMOTIC DEHYDRATION - VACUUM IMPREGNATION OF FRUIT; 7. EXPRESSION - EXTRACTION OF PUMPKIN OIL; PART II PRESERVATION OPERATIONS; 8. DEHYDRATION I - TRAY DRYING OF APPLES; 9. DEHYDRATION II - MASS BALANCES ON A COMBINED AIR- MICROWAVE DRYING PROCESS</subfield>
          </datafield>
          <datafield tag="505" ind1="8" ind2=" ">
            <subfield code="a">10. SPRAY DRIER - ATOMIZATION OF MILK11. OPERATING A FLUIDIZED BED DRIER; 12. FREEZE DRYING FOODS; 13. DETERMINING FREEZING TIMES OF FOOD WITH A PLATE FREEZER; 14. COMPARING AIR BLAST AND FLUIDIZED BED FREEZING; 15. PASTEURIZATION WITH A PLATE HEAT EXCHANGER; 16. STERILIZATION IN CANS; PART III FOOD PROCESSING OPERATIONS; 17. INGREDIENTS IN INFANT FOODS - PREGELATINIZED AMARANTH FLOUR USING A DRUM DRYER; 18. WHEAT CRISPS - EXTRUSION COOKING TECHNOLOGY; 19. SEMOLINA - MILLING AND SIEVING; 20. SEMI-HARD CHEESE - CHEESE MAKING TECHNOLOGY; INDEX</subfield>
          </datafield>
          <datafield tag="520" ind1=" " ind2=" ">
            <subfield code="a">In chemical engineering and related fields, a unit operation is a basic step in a process. For example in milk processing, homogenization, pasteurization, chilling, and packaging are each unit operations which are connected to create the overall process. This book covers many different unit operations as they apply to food processing.</subfield>
          </datafield>
          <datafield tag="650" ind1=" " ind2="4">
            <subfield code="a">Food -- Processing.</subfield>
          </datafield>
          <datafield tag="650" ind1=" " ind2="4">
            <subfield code="a">Food industry and trade -- Quality control.</subfield>
          </datafield>
          <datafield tag="650" ind1=" " ind2="4">
            <subfield code="a">Food industry and trade.</subfield>
          </datafield>
          <datafield tag="655" ind1=" " ind2="0">
            <subfield code="a">Electronic books.</subfield>
          </datafield>
          <datafield tag="700" ind1="1" ind2=" ">
            <subfield code="a">Ho, Peter.</subfield>
          </datafield>
          <datafield tag="760" ind1="0" ind2=" ">
            <subfield code="w">(CKB)3350000000000618</subfield>
          </datafield>
          <datafield tag="830" ind1=" " ind2="0">
            <subfield code="a">Integrating Safety and Environmental Knowledge Into Food Studies towards European Sustainable Develo</subfield>
          </datafield>
          <datafield tag="906" ind1=" " ind2=" ">
            <subfield code="a">BOOK</subfield>
          </datafield>
          <datafield tag="AVE" ind1=" " ind2=" ">
            <subfield code="m">SpringerLink Books Complete</subfield>
            <subfield code="t">Springer Link</subfield>
          </datafield>
        </record>
      </recordData>
      <recordPosition>38</recordPosition>
    </record>