
    <record>
      <recordSchema>marcxml</recordSchema>
      <recordPacking>xml</recordPacking>
      <recordData>
        <record xmlns="">
          <leader>03861nam a22004093u 4500</leader>
          <controlfield tag="001">999919756131102204</controlfield>
          <controlfield tag="005">20140106011019.0</controlfield>
          <controlfield tag="006">m        d</controlfield>
          <controlfield tag="007">cr -n---------</controlfield>
          <controlfield tag="008">140106s2010|||||||     s|||||||||||eng|d</controlfield>
          <datafield tag="020" ind1=" " ind2=" ">
            <subfield code="e">1-4200-6776-1</subfield>
          </datafield>
          <datafield tag="020" ind1=" " ind2=" ">
            <subfield code="a">1-322-61808-9</subfield>
          </datafield>
          <datafield tag="020" ind1=" " ind2=" ">
            <subfield code="a">1-4200-6775-3</subfield>
          </datafield>
          <datafield tag="035" ind1=" " ind2=" ">
            <subfield code="a">(CKB)1000000000805922</subfield>
          </datafield>
          <datafield tag="035" ind1=" " ind2=" ">
            <subfield code="a">(EBL)566014</subfield>
          </datafield>
          <datafield tag="035" ind1=" " ind2=" ">
            <subfield code="a">(OCoLC)664233828</subfield>
          </datafield>
          <datafield tag="035" ind1=" " ind2=" ">
            <subfield code="a">(EXLCZ)991000000000805922</subfield>
          </datafield>
          <datafield tag="040" ind1=" " ind2=" ">
            <subfield code="a">AU-PeEL</subfield>
            <subfield code="b">eng</subfield>
            <subfield code="c">AU-PeEL</subfield>
            <subfield code="d">AU-PeEL</subfield>
          </datafield>
          <datafield tag="050" ind1=" " ind2="4">
            <subfield code="a">QP456.F38 2010</subfield>
          </datafield>
          <datafield tag="082" ind1="0" ind2="0">
            <subfield code="a">612.8/7</subfield>
          </datafield>
          <datafield tag="100" ind1="1" ind2=" ">
            <subfield code="a">Montmayeur, Jean-Pierre.</subfield>
          </datafield>
          <datafield tag="245" ind1="1" ind2="0">
            <subfield code="a">Fat Detection</subfield>
            <subfield code="h">[electronic resource] :</subfield>
            <subfield code="b">Taste, Texture, and Post Ingestive Effects</subfield>
          </datafield>
          <datafield tag="246" ind1=" " ind2=" ">
            <subfield code="a">Frontiers in Neuroscience</subfield>
          </datafield>
          <datafield tag="246" ind1=" " ind2=" ">
            <subfield code="a">Fat Detection: Taste, Texture, and Post Ingestive Effects</subfield>
          </datafield>
          <datafield tag="260" ind1=" " ind2=" ">
            <subfield code="a">Hoboken :</subfield>
            <subfield code="b">Taylor and Francis,</subfield>
            <subfield code="c">2010.</subfield>
          </datafield>
          <datafield tag="300" ind1=" " ind2=" ">
            <subfield code="a">1 online resource (646 p.)</subfield>
          </datafield>
          <datafield tag="490" ind1="1" ind2=" ">
            <subfield code="a">Frontiers in Neuroscience</subfield>
          </datafield>
          <datafield tag="500" ind1=" " ind2=" ">
            <subfield code="a">Description based upon print version of record.</subfield>
          </datafield>
          <datafield tag="505" ind1="0" ind2=" ">
            <subfield code="a">Front cover; Contents; Series Preface; Foreword; Preface; Editors; Contributors; Part I: Importance of Dietary Fat; Chapter 1. Evolutionary Perspectives on Fat Ingestion and Metabolism in Humans; Chapter 2. Pathophysiology and Evolutionary Aspects of Dietary Fats and Long-Chain Polyunsaturated Fatty Acids across the Life Cycle; Part II: Taste of Fat: From Detection to Behavior; Chapter 3. Gustatory Mechanisms for Fat Detection; Chapter 4. Role of the Gustatory System in Fatty Acid Detection in Rats; Chapter 5. Peripheral Gustatory Processing of Free Fatty Acids</subfield>
          </datafield>
          <datafield tag="505" ind1="8" ind2=" ">
            <subfield code="a">Chapter 6. Orosensory Factors in Fat DetectionChapter 7. Fat Taste in Humans: Is It a Primary?; Part III: Neural Representations of Dietary Fat Stimuli; Chapter 8. Neural Representation of Fat Texture in the Mouth; Chapter 9. Advantageous Object Recognition for High-Fat Food Images; Part IV: Sensory Appeal of the Fat-Rich Diet; Chapter 10. Preference for High-Fat Food in Animals; Chapter 11. Human Perceptions and Preferences for Fat-Rich Foods; Part V: Control of Food Intake as a Function of Fat; Chapter 12. Oral and Postoral Determinants of Dietary Fat Appetite</subfield>
          </datafield>
          <datafield tag="505" ind1="8" ind2=" ">
            <subfield code="a">Chapter 13. Control of Fat Intake by Striatal Opioids*Chapter 14. Fat-Rich Food Palatability and Appetite Regulation; Chapter 15. Fats and Satiety; Part VI: Genetic Factors Influencing Fat Preference and Metabolism; Chapter 16. Heritable Variation in Fat Preference; Chapter 17. Dietary, Physiological, and Genetic Impacts on Postprandial Lipid Metabolism; Part VII: Lipids and Disease; Chapter 18. Control of Fatty Acid Intake and the Role of Essential Fatty Acids in Cognitive Function and Neurological Disorders*</subfield>
          </datafield>
          <datafield tag="505" ind1="8" ind2=" ">
            <subfield code="a">Chapter 19. What Is the Link between Docosahexaenoic Acid, Cognitive Impairment, and Alzheimer's Disease in the Elderly?Chapter 20. Hypothalamic Fatty Acid Sensing in the Normal and Disease States; Chapter 21. Dietary Fat and Carbohydrate Composition: Metabolic Disease; Chapter 22. Food Intake and Obesity: The Case of Fat; Index; Back cover</subfield>
          </datafield>
          <datafield tag="520" ind1=" " ind2=" ">
            <subfield code="a">Presents the State-of-the-Art in Fat Taste TransductionA bite of cheese, a few potato chips, a delectable piece of bacon - a small taste of high-fat foods often draws you back for more. But why are fatty foods so appealing? Why do we crave them? Fat Detection: Taste, Texture, and Post Ingestive Effects covers the many factors responsible for the sensory appeal of foods rich in fat. This well-researched text uses a multidisciplinary approach to shed new light on critical concerns related to dietary fat and obesity. Outlines Co</subfield>
          </datafield>
          <datafield tag="650" ind1=" " ind2="4">
            <subfield code="a">Food --Fat content.</subfield>
          </datafield>
          <datafield tag="650" ind1=" " ind2="4">
            <subfield code="a">Food preferences.</subfield>
          </datafield>
          <datafield tag="650" ind1=" " ind2="4">
            <subfield code="a">Lipids in human nutrition.</subfield>
          </datafield>
          <datafield tag="650" ind1=" " ind2="4">
            <subfield code="a">Taste.</subfield>
          </datafield>
          <datafield tag="655" ind1=" " ind2="0">
            <subfield code="a">Electronic books.</subfield>
          </datafield>
          <datafield tag="700" ind1="1" ind2=" ">
            <subfield code="a">le Coutre, Johannes.</subfield>
          </datafield>
          <datafield tag="830" ind1=" " ind2="0">
            <subfield code="a">Frontiers in Neuroscience</subfield>
          </datafield>
          <datafield tag="906" ind1=" " ind2=" ">
            <subfield code="a">BOOK</subfield>
          </datafield>
          <datafield tag="AVE" ind1=" " ind2=" ">
            <subfield code="m">NCBI Bookshelf</subfield>
            <subfield code="t">NCBI</subfield>
          </datafield>
        </record>
      </recordData>
      <recordPosition>39</recordPosition>
    </record>