
    <record>
      <recordSchema>marcxml</recordSchema>
      <recordPacking>xml</recordPacking>
      <recordData>
        <record xmlns="">
          <leader>02465nam a22003493u 4500</leader>
          <controlfield tag="001">999919756100902204</controlfield>
          <controlfield tag="005">20130418053101.0</controlfield>
          <controlfield tag="006">m        d</controlfield>
          <controlfield tag="007">cr -n---------</controlfield>
          <controlfield tag="008">130418s2009|||||||     s|||||||||||eng|d</controlfield>
          <datafield tag="020" ind1=" " ind2=" ">
            <subfield code="e">1-282-40164-5</subfield>
          </datafield>
          <datafield tag="020" ind1=" " ind2=" ">
            <subfield code="e">9786612401640</subfield>
          </datafield>
          <datafield tag="020" ind1=" " ind2=" ">
            <subfield code="e">90-485-0226-8</subfield>
          </datafield>
          <datafield tag="020" ind1=" " ind2=" ">
            <subfield code="a">90-8964-013-4</subfield>
          </datafield>
          <datafield tag="035" ind1=" " ind2=" ">
            <subfield code="a">(CKB)1000000000807030</subfield>
          </datafield>
          <datafield tag="035" ind1=" " ind2=" ">
            <subfield code="a">(EBL)474261</subfield>
          </datafield>
          <datafield tag="035" ind1=" " ind2=" ">
            <subfield code="a">(OCoLC)475581749</subfield>
          </datafield>
          <datafield tag="035" ind1=" " ind2=" ">
            <subfield code="a">(EXLCZ)991000000000807030</subfield>
          </datafield>
          <datafield tag="040" ind1=" " ind2=" ">
            <subfield code="a">AU-PeEL</subfield>
            <subfield code="b">eng</subfield>
            <subfield code="c">AU-PeEL</subfield>
            <subfield code="d">AU-PeEL</subfield>
          </datafield>
          <datafield tag="050" ind1=" " ind2="4">
            <subfield code="a">PN1995.9.D6</subfield>
          </datafield>
          <datafield tag="082" ind1="0" ind2="0">
            <subfield code="a">070.18</subfield>
          </datafield>
          <datafield tag="100" ind1="1" ind2=" ">
            <subfield code="a">Hediger, Vinzenz.</subfield>
          </datafield>
          <datafield tag="210" ind1=" " ind2=" ">
            <subfield code="a">FILMS THAT WORK</subfield>
          </datafield>
          <datafield tag="245" ind1="1" ind2="0">
            <subfield code="a">Films that Work</subfield>
            <subfield code="h">[electronic resource] :</subfield>
            <subfield code="b">Industrial Film and the Productivity of Media</subfield>
          </datafield>
          <datafield tag="246" ind1=" " ind2=" ">
            <subfield code="a">Films that Work : Industrial Film and the Productivity of Media</subfield>
          </datafield>
          <datafield tag="246" ind1=" " ind2=" ">
            <subfield code="a">Film Culture in Transition</subfield>
          </datafield>
          <datafield tag="260" ind1=" " ind2=" ">
            <subfield code="a">Amsterdam :</subfield>
            <subfield code="b">Amsterdam University Press,</subfield>
            <subfield code="c">2009.</subfield>
          </datafield>
          <datafield tag="300" ind1=" " ind2=" ">
            <subfield code="a">1 online resource (496 p.)</subfield>
          </datafield>
          <datafield tag="490" ind1="1" ind2=" ">
            <subfield code="a">Film Culture in Transition</subfield>
          </datafield>
          <datafield tag="500" ind1=" " ind2=" ">
            <subfield code="a">Description based upon print version of record.</subfield>
          </datafield>
          <datafield tag="505" ind1="0" ind2=" ">
            <subfield code="a">Contents; Introduction; I Navigating the Archive; Archives and Archaeologies; Record, Rhetoric, Rationalization; Vernacular Archiving; II Visuality and Efficiency; Early Industrial Moving Pictures in Germany; Layers of Cheese; Images of Efficiency; "What Hollywood Is to America, the Corporate Film Is to Switzerland"; Poussières; Thermodynamic Kitsch; III Films and Factories; Touring as a Cultural Technique; Corporate Films of IndustrialWork; Filming Work on Behalf of the Automobile Firm; Eccentricity, Education and the Evolution of Corporate Speech</subfield>
          </datafield>
          <datafield tag="505" ind1="8" ind2=" ">
            <subfield code="a">Centron, an Industrial/Educational Film Studio, 1947-1981Films from Beyond the Well; IV See, Learn, Control; The Personnel Is Political; Behaviorism, Animation, and Effective Cinema; Technologies of Organizational Learning; The Central Film Library of Vocational Education; "Reality Is There, but It's Manipulated"; V Urbanity, Industry, Film; Modernism, Industry, Film; A Modern Medium for a Modern Message; Harbor, Architecture, Film; Industrial Films; The Desiderata of Business-Film Research1; Contributors; Index of Names; Index of Film Titles; Index of Subjects</subfield>
          </datafield>
          <datafield tag="520" ind1=" " ind2=" ">
            <subfield code="a">First full-length book, anthology, and annotated bibliography to explore the industrial film and its remarkable history.</subfield>
          </datafield>
          <datafield tag="650" ind1=" " ind2="4">
            <subfield code="a">Industrial films -- History and criticism.</subfield>
          </datafield>
          <datafield tag="655" ind1=" " ind2="0">
            <subfield code="a">Electronic books.</subfield>
          </datafield>
          <datafield tag="700" ind1="1" ind2=" ">
            <subfield code="a">Vonderau, Patrick.</subfield>
          </datafield>
          <datafield tag="830" ind1=" " ind2="0">
            <subfield code="a">Film Culture in Transition</subfield>
          </datafield>
          <datafield tag="906" ind1=" " ind2=" ">
            <subfield code="a">BOOK</subfield>
          </datafield>
          <datafield tag="AVE" ind1=" " ind2=" ">
            <subfield code="m">OAPEN</subfield>
            <subfield code="t">OAPEN</subfield>
          </datafield>
        </record>
      </recordData>
      <recordPosition>40</recordPosition>
    </record>