
    <record>
      <recordSchema>marcxml</recordSchema>
      <recordPacking>xml</recordPacking>
      <recordData>
        <record xmlns="">
          <leader>-----cam-a22-----z--4500</leader>
          <controlfield tag="001">999919769362902204</controlfield>
          <controlfield tag="008">121018u1711uuuuuuuuu-|------u|----|eng-d</controlfield>
          <datafield tag="035" ind1=" " ind2=" ">
            <subfield code="a">(CKB)3360000000178768</subfield>
          </datafield>
          <datafield tag="035" ind1=" " ind2=" ">
            <subfield code="a">(EXLCZ)993360000000178768</subfield>
          </datafield>
          <datafield tag="245" ind1=" " ind2=" ">
            <subfield code="a">First proposals for insurance on marriages and births: by the Union Society: at their office, at the Cheshire Cheese, near Redlion-Street end, White-Chappel. January the 15th. 1710</subfield>
          </datafield>
          <datafield tag="246" ind1=" " ind2=" ">
            <subfield code="a">First proposals for insurance on marriages and births</subfield>
          </datafield>
          <datafield tag="260" ind1=" " ind2=" ">
            <subfield code="a">London</subfield>
          </datafield>
          <datafield tag="906" ind1=" " ind2=" ">
            <subfield code="a">DOCUMENT</subfield>
          </datafield>
          <datafield tag="AVE" ind1=" " ind2=" ">
            <subfield code="m">Gale Eighteenth Century Collections Online II</subfield>
            <subfield code="t">Galegroup</subfield>
          </datafield>
        </record>
      </recordData>
      <recordPosition>41</recordPosition>
    </record>