
    <record>
      <recordSchema>marcxml</recordSchema>
      <recordPacking>xml</recordPacking>
      <recordData>
        <record xmlns="">
          <leader>04234nam a22004453u 4500</leader>
          <controlfield tag="001">999919755282102204</controlfield>
          <controlfield tag="005">20131014011057.0</controlfield>
          <controlfield tag="006">m        d</controlfield>
          <controlfield tag="007">cr -n---------</controlfield>
          <controlfield tag="008">131014s2012|||||||     s|||||||||||eng|d</controlfield>
          <datafield tag="020" ind1=" " ind2=" ">
            <subfield code="e">1-78539-357-X</subfield>
          </datafield>
          <datafield tag="020" ind1=" " ind2=" ">
            <subfield code="e">1-280-59864-6</subfield>
          </datafield>
          <datafield tag="020" ind1=" " ind2=" ">
            <subfield code="e">9786613628473</subfield>
          </datafield>
          <datafield tag="020" ind1=" " ind2=" ">
            <subfield code="e">1-118-30803-4</subfield>
          </datafield>
          <datafield tag="020" ind1=" " ind2=" ">
            <subfield code="e">1-118-30804-2</subfield>
          </datafield>
          <datafield tag="020" ind1=" " ind2=" ">
            <subfield code="a">0-8138-0874-X</subfield>
          </datafield>
          <datafield tag="035" ind1=" " ind2=" ">
            <subfield code="a">(CKB)2670000000167420</subfield>
          </datafield>
          <datafield tag="035" ind1=" " ind2=" ">
            <subfield code="a">(EBL)843662</subfield>
          </datafield>
          <datafield tag="035" ind1=" " ind2=" ">
            <subfield code="a">(OCoLC)784884271</subfield>
          </datafield>
          <datafield tag="035" ind1=" " ind2=" ">
            <subfield code="a">(EXLCZ)992670000000167420</subfield>
          </datafield>
          <datafield tag="040" ind1=" " ind2=" ">
            <subfield code="a">AU-PeEL</subfield>
            <subfield code="b">eng</subfield>
            <subfield code="c">AU-PeEL</subfield>
            <subfield code="d">AU-PeEL</subfield>
          </datafield>
          <datafield tag="050" ind1=" " ind2="4">
            <subfield code="a">TP370.8 .F66 2012</subfield>
          </datafield>
          <datafield tag="082" ind1="0" ind2="0">
            <subfield code="a">664</subfield>
          </datafield>
          <datafield tag="100" ind1="1" ind2=" ">
            <subfield code="a">Simpson, Benjamin K.</subfield>
          </datafield>
          <datafield tag="245" ind1="1" ind2="0">
            <subfield code="a">Food Biochemistry and Food Processing</subfield>
            <subfield code="h">[electronic resource].</subfield>
          </datafield>
          <datafield tag="250" ind1=" " ind2=" ">
            <subfield code="a">2nd ed.</subfield>
          </datafield>
          <datafield tag="260" ind1=" " ind2=" ">
            <subfield code="a">Hoboken :</subfield>
            <subfield code="b">Wiley,</subfield>
            <subfield code="c">2012.</subfield>
          </datafield>
          <datafield tag="300" ind1=" " ind2=" ">
            <subfield code="a">1 online resource (910 p.)</subfield>
          </datafield>
          <datafield tag="500" ind1=" " ind2=" ">
            <subfield code="a">Description based upon print version of record.</subfield>
          </datafield>
          <datafield tag="505" ind1="0" ind2=" ">
            <subfield code="a">Food Biochemistry andFood Processing; Contents; Contributor List; Preface; Part 1: Principles/Food Analysis; 1. An Introduction to Food Biochemistry; 2. Analytical Techniques in Food Biochemistry; 3. Enzymes in Food Analysis; 4. Browning Reactions; 5. Water Chemistry and Biochemistry; Part 2: Biotechnology and Ezymology; 6. Enzyme Classification and Nomenclature; 7. Biocatalysis, Enzyme Engineering and Biotechnology; 8. Enzyme Activities; 9. Enzymes in Food Processing; 10. Protein Cross-linking in Food - Structure, Applications, Implications for Health and Food Safety</subfield>
          </datafield>
          <datafield tag="505" ind1="8" ind2=" ">
            <subfield code="a">11. Chymosin in Cheese Making12. Pectic Enzymes in Tomatoes; 13. Seafood Enzymes; 14. Seafood Enzymes: Biochemical Properties and Their Impact on Quality; Part 3: Meat, Poultry and Seafoods; 15. Biochemistry of Raw Meat and Poultry; 16. Biochemistry of Processing Meat and Poultry; 17. Chemical and Biochemical Aspects of Color in Muscle-Based Foods; 18. Biochemistry of Fermented Meat; 19. Biochemistry of Seafood Processing; 20. Fish Collagen; 21. Fish Gelatin; 22. Application of Proteomics to Fish Processing and Quality; Part 4: Milk; 23. Dairy Products</subfield>
          </datafield>
          <datafield tag="505" ind1="8" ind2=" ">
            <subfield code="a">24. Chemistry and Biochemistry of Milk Constituents25. Biochemistry of Milk Processing; 26. Equid Milk: Chemistry, Biochemistry and Processing; Part 5: Fruits, Vegetables, and Cereals; 27. Biochemistry of Fruits; 28. Biochemistry of Fruit Processing; 29. Biochemistry of Vegetable Processing; 30. Non-Enzymatic Browning in Cookies, Crackers and Breakfast Cereals; 31. Bakery and Cereal Products; 32. Starch Synthesis in the Potato Tuber; 33. Biochemistry of Beer Fermentation; 34. Rye Constituents and Their Impact on Rye Processing; Part 6: Health/Functional Foods; 35. Biochemistry and Probiotics</subfield>
          </datafield>
          <datafield tag="505" ind1="8" ind2=" ">
            <subfield code="a">36. Biological Activities and Production of Marine-Derived Peptides37. Natural Food Pigments; Part 7: Food Processing; 38. Thermal Processing Principles; 39. Minimally Processed Foods; 40. Separation Technology in Food Processing; Part 8: Food Safety and Food Allergens; 41. Microbial Safety of Food and Food Products; 42. Food Allergens; 43. Biogenic Amines in Foods; 44. Emerging Bacterial Food-Borne Pathogens and Methods of Detection; 45. Biosensors for Sensitive Detection of Agricultural Contaminants, Pathogens and Food-Borne Toxins; Glossary of Compound Schemes; Index</subfield>
          </datafield>
          <datafield tag="520" ind1=" " ind2=" ">
            <subfield code="a">The biochemistry of food is the foundation on which the research and development advances in food biotechnology are built. In Food Biochemistry and Food Processing, Second Edition, the editors have brought together more than fifty acclaimed academicians and industry professionals from around the world to create this fully revised and updated edition. This book is an indispensable reference and text on food biochemistry and the ever increasing developments in the biotechnology of food processing.  Beginning with sections on the essential principles of food biochemistry, enzymology</subfield>
          </datafield>
          <datafield tag="650" ind1=" " ind2="4">
            <subfield code="a">Food -- Analysis.</subfield>
          </datafield>
          <datafield tag="650" ind1=" " ind2="4">
            <subfield code="a">Food -- Composition.</subfield>
          </datafield>
          <datafield tag="650" ind1=" " ind2="4">
            <subfield code="a">Food -- Packaging.</subfield>
          </datafield>
          <datafield tag="650" ind1=" " ind2="4">
            <subfield code="a">Food industry and trade -- Research.</subfield>
          </datafield>
          <datafield tag="655" ind1=" " ind2="0">
            <subfield code="a">Electronic books.</subfield>
          </datafield>
          <datafield tag="700" ind1="1" ind2=" ">
            <subfield code="a">Nollet, Leo M.L.</subfield>
          </datafield>
          <datafield tag="700" ind1="1" ind2=" ">
            <subfield code="a">Toldr?, Fidel.</subfield>
          </datafield>
          <datafield tag="700" ind1="1" ind2=" ">
            <subfield code="a">Benjakul, Soottawat.</subfield>
          </datafield>
          <datafield tag="700" ind1="1" ind2=" ">
            <subfield code="a">Paliyath, Gopinadhan.</subfield>
          </datafield>
          <datafield tag="700" ind1="1" ind2=" ">
            <subfield code="a">Hui, Y. H.</subfield>
          </datafield>
          <datafield tag="906" ind1=" " ind2=" ">
            <subfield code="a">BOOK</subfield>
          </datafield>
          <datafield tag="AVE" ind1=" " ind2=" ">
            <subfield code="m">Wiley Online Library Online Books</subfield>
            <subfield code="t">Wiley Online Library</subfield>
          </datafield>
        </record>
      </recordData>
      <recordPosition>42</recordPosition>
    </record>