
    <record>
      <recordSchema>marcxml</recordSchema>
      <recordPacking>xml</recordPacking>
      <recordData>
        <record xmlns="">
          <leader>04466nam a22004333u 4500</leader>
          <controlfield tag="001">999919792540102204</controlfield>
          <controlfield tag="005">20151005070255.0</controlfield>
          <controlfield tag="006">m        d</controlfield>
          <controlfield tag="007">cr -n---------</controlfield>
          <controlfield tag="008">151005s2014|||||||     s|||||||||||eng|d</controlfield>
          <datafield tag="020" ind1=" " ind2=" ">
            <subfield code="e">1-4939-2029-4</subfield>
          </datafield>
          <datafield tag="020" ind1=" " ind2=" ">
            <subfield code="a">1-4939-2028-6</subfield>
          </datafield>
          <datafield tag="035" ind1=" " ind2=" ">
            <subfield code="a">(CKB)3710000000261814</subfield>
          </datafield>
          <datafield tag="035" ind1=" " ind2=" ">
            <subfield code="a">(EBL)1967020</subfield>
          </datafield>
          <datafield tag="035" ind1=" " ind2=" ">
            <subfield code="a">(OCoLC)894508685</subfield>
          </datafield>
          <datafield tag="035" ind1=" " ind2=" ">
            <subfield code="a">(EXLCZ)993710000000261814</subfield>
          </datafield>
          <datafield tag="040" ind1=" " ind2=" ">
            <subfield code="a">AU-PeEL</subfield>
            <subfield code="b">eng</subfield>
            <subfield code="c">AU-PeEL</subfield>
            <subfield code="d">AU-PeEL</subfield>
          </datafield>
          <datafield tag="050" ind1=" " ind2="4">
            <subfield code="a">QH519</subfield>
          </datafield>
          <datafield tag="050" ind1=" " ind2="4">
            <subfield code="a">TP248.3</subfield>
          </datafield>
          <datafield tag="082" ind1="0" ind2="0">
            <subfield code="a">54</subfield>
            <subfield code="a">572</subfield>
            <subfield code="a">641.3</subfield>
            <subfield code="a">660.63</subfield>
          </datafield>
          <datafield tag="100" ind1="1" ind2=" ">
            <subfield code="a">Galvez, Antonio M.</subfield>
          </datafield>
          <datafield tag="245" ind1="1" ind2="0">
            <subfield code="a">Food Biopreservation</subfield>
            <subfield code="h">[electronic resource].</subfield>
          </datafield>
          <datafield tag="260" ind1=" " ind2=" ">
            <subfield code="a">New York :</subfield>
            <subfield code="b">Springer New York,</subfield>
            <subfield code="c">2014.</subfield>
          </datafield>
          <datafield tag="300" ind1=" " ind2=" ">
            <subfield code="a">1 online resource (121 p.)</subfield>
          </datafield>
          <datafield tag="490" ind1="1" ind2=" ">
            <subfield code="a">SpringerBriefs in Food, Health, and Nutrition</subfield>
          </datafield>
          <datafield tag="500" ind1=" " ind2=" ">
            <subfield code="a">Description based upon print version of record.</subfield>
          </datafield>
          <datafield tag="505" ind1="0" ind2=" ">
            <subfield code="a"><![CDATA[""Contents""; ""Chapter 1: Introduction""; ""Chapter 2: Natural Antimicrobials forÂ&#xA0;Food Biopreservation""; ""2.1 Bacterial Antagonism asÂ&#xA0;aÂ&#xA0;Fundamental forÂ&#xA0;Biopreservation""; ""2.1.1 Antimicrobial Substances Derived fromÂ&#xA0;Bacterial Cell Metabolism""; ""2.1.2 Antifungal Compounds""; ""2.1.3 Bacteriocins""; ""2.2 Antimicrobials fromÂ&#xA0;Animal Sources""; ""2.3 Antimicrobials Derived fromÂ&#xA0;Plants""; ""2.4 Bacteriophages""; ""References""; ""Chapter 3: Application ofÂ&#xA0;Lactic Acid Bacteria andÂ&#xA0;Their Bacteriocins forÂ&#xA0;Food Biopreservation""; ""3.1 Bacteriocins andÂ&#xA0;Bactericin-Producing Strains""]]></subfield>
          </datafield>
          <datafield tag="505" ind1="8" ind2=" ">
            <subfield code="a"><![CDATA[""3.2 Application ofÂ&#xA0;LAB Bacteriocins asÂ&#xA0;Part ofÂ&#xA0;Hurdle Technology""""References""; ""Chapter 4: Biopreservation ofÂ&#xA0;Meats andÂ&#xA0;Meat Products""; ""4.1 Application ofÂ&#xA0;Bacteriocin Preparations""; ""4.1.1 Raw Meats""; ""4.1.2 Semi-processed andÂ&#xA0;Cooked Meats""; ""4.1.3 Fermented Meats""; ""4.2 Application ofÂ&#xA0;Protective Cultures""; ""4.2.1 Raw Meats""; ""4.2.2 Semi-processed andÂ&#xA0;Cooked Meats""; ""4.2.3 Fermented Meats""; ""References""; ""Chapter 5: Biopreservation ofÂ&#xA0;Milk andÂ&#xA0;Dairy Products""; ""5.1 Application ofÂ&#xA0;Bacteriocin Preparations""; ""5.1.1 Raw Milks""]]></subfield>
          </datafield>
          <datafield tag="505" ind1="8" ind2=" ">
            <subfield code="a"><![CDATA[""5.1.2 Processed Milk Products""""5.2 Application ofÂ&#xA0;Bacteriocin-Producing Strains""; ""5.2.1 Inhibition ofÂ&#xA0;Foodborne Pathogens""; ""5.2.2 Inhibition ofÂ&#xA0;Bacteria Producing Gas-Blowing Defects inÂ&#xA0;Cheeses""; ""5.2.3 Improving Cheese Quality""; ""References""; ""Chapter 6: Biopreservation ofÂ&#xA0;Egg Products""; ""6.1 Application ofÂ&#xA0;Bacteriocins""; ""References""; ""Chapter 7: Biopreservation ofÂ&#xA0;Seafoods""; ""7.1 Application ofÂ&#xA0;Bacteriocin Preparations""; ""7.1.1 Raw Seafoods""; ""7.1.2 Ready-to-Eat Seafoods""; ""7.2 Application ofÂ&#xA0;Bacteriocin-Producing Strains""]]></subfield>
          </datafield>
          <datafield tag="505" ind1="8" ind2=" ">
            <subfield code="a"><![CDATA[""7.3 Bacteriocin Cultures inÂ&#xA0;Fermented Fish""""References""; ""Chapter 8: Biopreservation ofÂ&#xA0;Vegetable Foods""; ""8.1 Application ofÂ&#xA0;Bacteriocins""; ""8.1.1 Fresh Produce""; ""8.1.2 Fruit Juices andÂ&#xA0;Drinks""; ""8.1.3 Ready-to-Eat, Processed, andÂ&#xA0;Canned Vegetable Foods""; ""8.1.4 Fermented Vegetables andÂ&#xA0;Beverages""; ""8.2 Bacteriocin-Producing Strains""; ""References""; ""Chapter 9: Regulations""; ""9.1 The Challenge ofÂ&#xA0;Taking Bioprotection Strategies fromÂ&#xA0;theÂ&#xA0;Lab toÂ&#xA0;theÂ&#xA0;Market""; ""References""]]></subfield>
          </datafield>
          <datafield tag="520" ind1=" " ind2=" ">
            <subfield code="a">The purpose of this Brief is to provide a global view of the concept of biopreservation and its potential and existing applications in the different food sectors. Biopreservation, an approach already experimented with by our ancestors, has been used empirically for centuries and now the rationale behind it is becoming increasingly popular, applied singly or in combination with novel and classical food processing technologies. The growing world population, together with the globalization of the food market and consumer demand for foods that are ready to eat, lightly preserved, fresh-tasting, a</subfield>
          </datafield>
          <datafield tag="650" ind1=" " ind2="4">
            <subfield code="a">Biochemical engineering.</subfield>
          </datafield>
          <datafield tag="650" ind1=" " ind2="4">
            <subfield code="a">Chemistry.</subfield>
          </datafield>
          <datafield tag="650" ind1=" " ind2="4">
            <subfield code="a">Food science.</subfield>
          </datafield>
          <datafield tag="650" ind1=" " ind2="4">
            <subfield code="a">Nutrition.</subfield>
          </datafield>
          <datafield tag="655" ind1=" " ind2="0">
            <subfield code="a">Electronic books.</subfield>
          </datafield>
          <datafield tag="700" ind1="1" ind2=" ">
            <subfield code="a">Grande Burgos, Maria Jose.</subfield>
          </datafield>
          <datafield tag="700" ind1="1" ind2=" ">
            <subfield code="a">Lucas Lopez, Rosario.</subfield>
          </datafield>
          <datafield tag="830" ind1=" " ind2="0">
            <subfield code="a">SpringerBriefs in Food, Health, and Nutrition</subfield>
          </datafield>
          <datafield tag="906" ind1=" " ind2=" ">
            <subfield code="a">BOOK</subfield>
          </datafield>
          <datafield tag="AVE" ind1=" " ind2=" ">
            <subfield code="m">SpringerLink Books Complete</subfield>
            <subfield code="t">Springer Link</subfield>
          </datafield>
        </record>
      </recordData>
      <recordPosition>43</recordPosition>
    </record>