
    <record>
      <recordSchema>marcxml</recordSchema>
      <recordPacking>xml</recordPacking>
      <recordData>
        <record xmlns="">
          <leader>03791nam a22003973u 4500</leader>
          <controlfield tag="001">999919765046702204</controlfield>
          <controlfield tag="005">20130527015537.0</controlfield>
          <controlfield tag="006">m        d</controlfield>
          <controlfield tag="007">cr -n---------</controlfield>
          <controlfield tag="008">130527s1995|||||||     s|||||||||||eng|d</controlfield>
          <datafield tag="020" ind1=" " ind2=" ">
            <subfield code="e">1-84755-087-8</subfield>
          </datafield>
          <datafield tag="020" ind1=" " ind2=" ">
            <subfield code="a">0-85404-700-X</subfield>
          </datafield>
          <datafield tag="035" ind1=" " ind2=" ">
            <subfield code="a">(CKB)1000000000791263</subfield>
          </datafield>
          <datafield tag="035" ind1=" " ind2=" ">
            <subfield code="a">(EBL)1185529</subfield>
          </datafield>
          <datafield tag="035" ind1=" " ind2=" ">
            <subfield code="a">(EXLCZ)991000000000791263</subfield>
          </datafield>
          <datafield tag="040" ind1=" " ind2=" ">
            <subfield code="a">AU-PeEL</subfield>
            <subfield code="b">eng</subfield>
            <subfield code="c">AU-PeEL</subfield>
            <subfield code="d">AU-PeEL</subfield>
          </datafield>
          <datafield tag="050" ind1=" " ind2="4">
            <subfield code="a">TX553.C6 F575 1995</subfield>
          </datafield>
          <datafield tag="082" ind1="0" ind2="0">
            <subfield code="a">547.7</subfield>
            <subfield code="a">663</subfield>
          </datafield>
          <datafield tag="100" ind1="1" ind2=" ">
            <subfield code="a">Dickinson, Eric.</subfield>
          </datafield>
          <datafield tag="245" ind1="1" ind2="0">
            <subfield code="a">Food Macromolecules and Colloids</subfield>
            <subfield code="h">[electronic resource].</subfield>
          </datafield>
          <datafield tag="260" ind1=" " ind2=" ">
            <subfield code="a">Cambridge :</subfield>
            <subfield code="b">Royal Society of Chemistry,</subfield>
            <subfield code="c">1995.</subfield>
          </datafield>
          <datafield tag="300" ind1=" " ind2=" ">
            <subfield code="a">1 online resource (1185 p.)</subfield>
          </datafield>
          <datafield tag="490" ind1="1" ind2=" ">
            <subfield code="a">Special Publication</subfield>
          </datafield>
          <datafield tag="500" ind1=" " ind2=" ">
            <subfield code="a">Description based upon print version of record.</subfield>
          </datafield>
          <datafield tag="505" ind1="0" ind2=" ">
            <subfield code="a">BK9780854047000OFC; BK9780854047000-FP001; BK9780854047000-FP005; BK9780854047000-FP007; BK9780854047000-00001; BK9780854047000-00020; BK9780854047000-00023; BK9780854047000-00034; BK9780854047000-00043; BK9780854047000-00050; BK9780854047000-00058; BK9780854047000-00071; BK9780854047000-00077; BK9780854047000-00081; BK9780854047000-00085; BK9780854047000-00090; BK9780854047000-00095; BK9780854047000-00099; BK9780854047000-00103; BK9780854047000-00109; BK9780854047000-00114; BK9780854047000-00123; BK9780854047000-00134; BK9780854047000-00141; BK9780854047000-00146; BK9780854047000-00154</subfield>
          </datafield>
          <datafield tag="505" ind1="8" ind2=" ">
            <subfield code="a">BK9780854047000-00164BK9780854047000-00167; BK9780854047000-00171; BK9780854047000-00178; BK9780854047000-00182; BK9780854047000-00189; BK9780854047000-00194; BK9780854047000-00201; BK9780854047000-00215; BK9780854047000-00223; BK9780854047000-00235; BK9780854047000-00244; BK9780854047000-00248; BK9780854047000-00252; BK9780854047000-00256; BK9780854047000-00261; BK9780854047000-00269; BK9780854047000-00277; BK9780854047000-00285; BK9780854047000-00297; BK9780854047000-00309; BK9780854047000-00312; BK9780854047000-00316; BK9780854047000-00321; BK9780854047000-00328; BK9780854047000-00340</subfield>
          </datafield>
          <datafield tag="505" ind1="8" ind2=" ">
            <subfield code="a">BK9780854047000-00349BK9780854047000-00356; BK9780854047000-00363; BK9780854047000-00376; BK9780854047000-00390; BK9780854047000-00400; BK9780854047000-00410; BK9780854047000-00418; BK9780854047000-00426; BK9780854047000-00431; BK9780854047000-00437; BK9780854047000-00447; BK9780854047000-00456; BK9780854047000-00462; BK9780854047000-00472; BK9780854047000-00480; BK9780854047000-00488; BK9780854047000-00492; BK9780854047000-00495; BK9780854047000-00499; BK9780854047000-00503; BK9780854047000-00507; BK9780854047000-00512; BK9780854047000-00519; BK9780854047000-00534; BK9780854047000-00543</subfield>
          </datafield>
          <datafield tag="505" ind1="8" ind2=" ">
            <subfield code="a">BK9780854047000-00552BK9780854047000-00556; BK9780854047000-00560; BK9780854047000-00566; BK9780854047000-00572; BK9780854047000-00575</subfield>
          </datafield>
          <datafield tag="520" ind1=" " ind2=" ">
            <subfield code="a">Food macromolecules play a crucial role in the formulation of a wide range of food products such as beverages, bread, cheese, dressings, desserts, ice-cream, and spreads. This book presents the very latest research in the area and is unique in covering both proteins and polysaccharides in the same volume. Specifically it describes recent experimental and theoretical macromolecules in solutions, suspensions, gels, glasses, emulsions and foams. Food Macromolecules and Colloids takes a fundamental approach to complex systems, providing an understanding of the physico-chemical role of macromolecul</subfield>
          </datafield>
          <datafield tag="650" ind1=" " ind2="4">
            <subfield code="a">Colloids -- Congresses.</subfield>
          </datafield>
          <datafield tag="650" ind1=" " ind2="4">
            <subfield code="a">Food -- Colloid content.</subfield>
          </datafield>
          <datafield tag="650" ind1=" " ind2="4">
            <subfield code="a">Food -- Colloids -- Congresses.</subfield>
          </datafield>
          <datafield tag="650" ind1=" " ind2="4">
            <subfield code="a">Food -- Composition -- Congresses.</subfield>
          </datafield>
          <datafield tag="655" ind1=" " ind2="0">
            <subfield code="a">Electronic books.</subfield>
          </datafield>
          <datafield tag="700" ind1="1" ind2=" ">
            <subfield code="a">Lorient, D.</subfield>
          </datafield>
          <datafield tag="830" ind1=" " ind2="0">
            <subfield code="a">Special Publication</subfield>
          </datafield>
          <datafield tag="906" ind1=" " ind2=" ">
            <subfield code="a">BOOK</subfield>
          </datafield>
          <datafield tag="AVE" ind1=" " ind2=" ">
            <subfield code="m">Royal Society of Chemistry eBook Collection Complete</subfield>
            <subfield code="t">Royal Society of Chemistry</subfield>
          </datafield>
        </record>
      </recordData>
      <recordPosition>44</recordPosition>
    </record>