
    <record>
      <recordSchema>marcxml</recordSchema>
      <recordPacking>xml</recordPacking>
      <recordData>
        <record xmlns="">
          <leader>04617nam a22003853u 4500</leader>
          <controlfield tag="001">999919795391702204</controlfield>
          <controlfield tag="005">20140127011054.0</controlfield>
          <controlfield tag="006">m        d</controlfield>
          <controlfield tag="007">cr -n---------</controlfield>
          <controlfield tag="008">140127s2013|||||||     s|||||||||||eng|d</controlfield>
          <datafield tag="020" ind1=" " ind2=" ">
            <subfield code="e">3-7091-1640-6</subfield>
          </datafield>
          <datafield tag="020" ind1=" " ind2=" ">
            <subfield code="a">3-7091-1639-2</subfield>
          </datafield>
          <datafield tag="035" ind1=" " ind2=" ">
            <subfield code="a">(CKB)3710000000077689</subfield>
          </datafield>
          <datafield tag="035" ind1=" " ind2=" ">
            <subfield code="a">(EBL)1593260</subfield>
          </datafield>
          <datafield tag="035" ind1=" " ind2=" ">
            <subfield code="a">(EXLCZ)993710000000077689</subfield>
          </datafield>
          <datafield tag="040" ind1=" " ind2=" ">
            <subfield code="a">AU-PeEL</subfield>
            <subfield code="b">eng</subfield>
            <subfield code="c">AU-PeEL</subfield>
            <subfield code="d">AU-PeEL</subfield>
          </datafield>
          <datafield tag="050" ind1=" " ind2="4">
            <subfield code="a">TX541</subfield>
          </datafield>
          <datafield tag="082" ind1="0" ind2="0">
            <subfield code="a">363.192</subfield>
            <subfield code="a">572</subfield>
          </datafield>
          <datafield tag="100" ind1="1" ind2=" ">
            <subfield code="a">Lima, Giuseppina P. P.</subfield>
          </datafield>
          <datafield tag="245" ind1="1" ind2="0">
            <subfield code="a">Food Quality, Safety and Technology</subfield>
            <subfield code="h">[electronic resource].</subfield>
          </datafield>
          <datafield tag="260" ind1=" " ind2=" ">
            <subfield code="a">Dordrecht :</subfield>
            <subfield code="b">Springer,</subfield>
            <subfield code="c">2013.</subfield>
          </datafield>
          <datafield tag="300" ind1=" " ind2=" ">
            <subfield code="a">1 online resource (196 p.)</subfield>
          </datafield>
          <datafield tag="500" ind1=" " ind2=" ">
            <subfield code="a">Description based upon print version of record.</subfield>
          </datafield>
          <datafield tag="505" ind1="0" ind2=" ">
            <subfield code="a">Preface; Acknowledgments; Contents; Part I: Food Quality; Chapter 1: Antioxidants in Brazilian Plant Species; 1.1 Introduction; 1.2 Fruits; 1.3 Medicinal Plants; 1.4 Conclusions; References; Chapter 2: Quality and Potential Healthy Traits in Vegetables and Berries; 2.1 Introduction; 2.2 Some Chemical Components Determining the Quality of Vegetables; 2.2.1 Antioxidants; 2.2.2 Pigments; 2.2.3 Nitrates; 2.3 The Quality as a Function of the Process Variants; 2.3.1 Genetic Aspects; 2.3.2 Climate; 2.3.3 Fertilization and Irrigation; 2.3.4 Harvest and Post-harvest; References</subfield>
          </datafield>
          <datafield tag="505" ind1="8" ind2=" ">
            <subfield code="a">Chapter 3: Unit Processing Operations in the Fresh-Cut Horticultural Products Industry: Quality and Safety Preservation3.1 Introduction; 3.2 Factors Affecting Quality and Safety; 3.2.1 Preharvest Factors; 3.2.2 Processing Operations; 3.2.3 Packaging; 3.2.4 Temperature Management; 3.2.5 Produce Contamination and Diagnosis; 3.3 Unit Processing Operations; 3.4 Alternative Technologies for Keeping Quality and Safety; 3.4.1 Antimicrobial Solutions; 3.4.2 Prepackaging: UV-C Radiation and Intense Light Pulses; 3.4.3 Nonconventional Packaging; 3.4.3.1 Hurdle Technology; 3.5 Conclusions; References</subfield>
          </datafield>
          <datafield tag="505" ind1="8" ind2=" ">
            <subfield code="a">Chapter 4: Analytical Aspects for Tropical Meat Quality Assessment4.1 Introduction: The Brazilian Meat Market; 4.2 Quality Characteristics of Tropical Meats; 4.3 The Meat Quality of Nellore Cattle; 4.4 Meat Tenderness in Nellore Cattle; 4.5 Conclusions; References; Chapter 5: Lycopene Bioavailability and Its Effects on Health; 5.1 Introduction; 5.2 Bioavailability; 5.3 Amount of Lycopene in Food Sources; 5.4 Lycopene and Diseases; References; Chapter 6: The Postharvest of Tropical Fruits in Brazil; 6.1 Introduction; 6.1.1 An Overview of Brazilian Fruit Production</subfield>
          </datafield>
          <datafield tag="505" ind1="8" ind2=" ">
            <subfield code="a">6.2 The Postharvest of Tropical Fruits6.2.1 Physiological Aspects; 6.2.2 Ideal Harvest Time; 6.2.3 Handling and Postharvest Preservation; 6.2.3.1 Preservation Techniques; 6.3 Export Potential; 6.4 Final Considerations; References; Part II: Food Safety; Chapter 7: Impact of Animal Feeding on the Nutritional Value and Safety of Food of Animal Origin; 7.1 Animal Feeding and Quality of Food of Animal Origin; 7.1.1 Fatty Acids Profile in Food of Animal Origin; 7.1.1.1 Omega 3 Fatty Acids; 7.1.1.2 Conjugated Linoleic Acids; 7.1.2 Selenium</subfield>
          </datafield>
          <datafield tag="505" ind1="8" ind2=" ">
            <subfield code="a">7.2 Animal Feeding and Traceability of Food of Animal Origin7.2.1 Terpenes; 7.2.2 Volatile Compounds of Milk and Cheese; 7.3 Animal Feeding and Safety of Food of Animal Origin; 7.3.1 Aflatoxins in Milk; 7.4 Conclusion and Perspectives; References; Chapter 8: Surveillance of Anabolic Abuse in Cattle: Suitability of Transcriptomic Technologies as Screening Tools; 8.1 Background; 8.2 Transcriptomic Technologies; 8.2.1 Quantitative Real-Time RT-PCR; 8.2.1.1 Biotransformation Enzymes; 8.2.1.2 Nuclear Receptors; 8.2.1.3 Steroidogenic Enzymes; 8.2.1.4 Cytokines; 8.2.1.5 Gene Panel</subfield>
          </datafield>
          <datafield tag="505" ind1="8" ind2=" ">
            <subfield code="a">8.2.2 DNA Microarray</subfield>
          </datafield>
          <datafield tag="520" ind1=" " ind2=" ">
            <subfield code="a">The present book collects selected contributions from researchers working in the field of food science, and participating at the second spring school for "Food Quality, Safety and Technology," which was held in Botucatu (São Paulo, Brazil), from September 24th to 27th, 2012, at the Botucatu Campus of the Universidade Estadual Paulista "Julio Mesquita Filho" (UNESP). The goal of the conference was to provide a scientific forum covering large areas of agronomy, nutrition, food science and technology, veterinary and other areas related to food technology development. Teachers, professionals, grad</subfield>
          </datafield>
          <datafield tag="650" ind1=" " ind2="4">
            <subfield code="a">Biochemistry.</subfield>
          </datafield>
          <datafield tag="650" ind1=" " ind2="4">
            <subfield code="a">Food -- Quality.</subfield>
          </datafield>
          <datafield tag="650" ind1=" " ind2="4">
            <subfield code="a">Food -- Safety measures.</subfield>
          </datafield>
          <datafield tag="655" ind1=" " ind2="0">
            <subfield code="a">Electronic books.</subfield>
          </datafield>
          <datafield tag="700" ind1="1" ind2=" ">
            <subfield code="a">Vianello, Fabio.</subfield>
          </datafield>
          <datafield tag="906" ind1=" " ind2=" ">
            <subfield code="a">BOOK</subfield>
          </datafield>
          <datafield tag="AVE" ind1=" " ind2=" ">
            <subfield code="m">SpringerLink Books Complete</subfield>
            <subfield code="t">Springer Link</subfield>
          </datafield>
        </record>
      </recordData>
      <recordPosition>45</recordPosition>
    </record>