
    <record>
      <recordSchema>marcxml</recordSchema>
      <recordPacking>xml</recordPacking>
      <recordData>
        <record xmlns="">
          <leader>02474nam a22003613u 4500</leader>
          <controlfield tag="001">999919803969702204</controlfield>
          <controlfield tag="005">20130930011146.0</controlfield>
          <controlfield tag="006">m        d</controlfield>
          <controlfield tag="007">cr -n---------</controlfield>
          <controlfield tag="008">130930s2006|||||||     s|||||||||||eng|d</controlfield>
          <datafield tag="020" ind1=" " ind2=" ">
            <subfield code="e">1-281-06756-3</subfield>
          </datafield>
          <datafield tag="020" ind1=" " ind2=" ">
            <subfield code="e">9786611067564</subfield>
          </datafield>
          <datafield tag="020" ind1=" " ind2=" ">
            <subfield code="e">0-387-33957-4</subfield>
          </datafield>
          <datafield tag="020" ind1=" " ind2=" ">
            <subfield code="a">1-4419-4132-0</subfield>
          </datafield>
          <datafield tag="020" ind1=" " ind2=" ">
            <subfield code="a">0-387-33509-9</subfield>
          </datafield>
          <datafield tag="035" ind1=" " ind2=" ">
            <subfield code="a">(CKB)1000000000284205</subfield>
          </datafield>
          <datafield tag="035" ind1=" " ind2=" ">
            <subfield code="a">(EBL)323560</subfield>
          </datafield>
          <datafield tag="035" ind1=" " ind2=" ">
            <subfield code="a">(OCoLC)186497926</subfield>
          </datafield>
          <datafield tag="035" ind1=" " ind2=" ">
            <subfield code="a">(EXLCZ)991000000000284205</subfield>
          </datafield>
          <datafield tag="040" ind1=" " ind2=" ">
            <subfield code="a">AU-PeEL</subfield>
            <subfield code="b">eng</subfield>
            <subfield code="c">AU-PeEL</subfield>
            <subfield code="d">AU-PeEL</subfield>
          </datafield>
          <datafield tag="050" ind1=" " ind2="4">
            <subfield code="a">TX531.F56774 2007</subfield>
          </datafield>
          <datafield tag="082" ind1="0" ind2="0">
            <subfield code="a">363.19/262</subfield>
          </datafield>
          <datafield tag="100" ind1="1" ind2=" ">
            <subfield code="a">McElhatton, Anna.</subfield>
          </datafield>
          <datafield tag="210" ind1=" " ind2=" ">
            <subfield code="a">FOOD SAFETY</subfield>
          </datafield>
          <datafield tag="245" ind1="1" ind2="0">
            <subfield code="a">Food Safety</subfield>
            <subfield code="h">[electronic resource] :</subfield>
            <subfield code="b">A Practical and Case Study Approach</subfield>
          </datafield>
          <datafield tag="246" ind1=" " ind2=" ">
            <subfield code="a">Food Safety : A Practical and Case Study Approach</subfield>
          </datafield>
          <datafield tag="260" ind1=" " ind2=" ">
            <subfield code="a">Dordrecht   :</subfield>
            <subfield code="b">Springer,</subfield>
            <subfield code="c">2006.</subfield>
          </datafield>
          <datafield tag="300" ind1=" " ind2=" ">
            <subfield code="a">1 online resource (323 p.)</subfield>
          </datafield>
          <datafield tag="490" ind1="1" ind2=" ">
            <subfield code="a">Integrating Safety and Environmental Knowledge into Food Studies Towards European Sustainable Develo ;</subfield>
            <subfield code="v">v.v. 1</subfield>
          </datafield>
          <datafield tag="500" ind1=" " ind2=" ">
            <subfield code="a">Description based upon print version of record.</subfield>
          </datafield>
          <datafield tag="505" ind1="0" ind2=" ">
            <subfield code="a">Methods of Food Preservation; The Challenge of Mycotoxins; Preventive Measures for Food Safety; Packaging; Haccp in the Cheese Manufacturing Process, a Case Study; Genetically Modified Organisms and Food Safety; Nutritional Strategies Targeting the Beneficial Modulation of the Intestinal Microflora with Relevance to Food Safety: The Role of Probiotics and Prebiotics; Exploitation of Microorganisms by the Food and Beverage Industry; Pathogenic, Commensal and Beneficial Microorganisms in Foods; Foodborne Viruses: An Emerging Risk to Health; Safety Models: HACCP and Risk Assessment</subfield>
          </datafield>
          <datafield tag="505" ind1="8" ind2=" ">
            <subfield code="a">Application of Haccp in Small Food BusinessesCleaning and Disinfection Procedures in the Food Industry General Aspects and Practical Applications; Ensuring Biosafety Through Monitoring of Gmo in Food With Modern Analytical Techniques, a Case Study</subfield>
          </datafield>
          <datafield tag="520" ind1=" " ind2=" ">
            <subfield code="a">The first volume of the ""ISEKI-Food Book"" series, this book discusses how food quality and safety are connected and how they play a significant role in the quality of our daily lives. Topics include methods of food preservation, food packaging, benefits and risks of micro-organisms and process safety.</subfield>
          </datafield>
          <datafield tag="650" ind1=" " ind2="4">
            <subfield code="a">Food.</subfield>
          </datafield>
          <datafield tag="650" ind1=" " ind2="4">
            <subfield code="a">Food industry and trade.</subfield>
          </datafield>
          <datafield tag="655" ind1=" " ind2="0">
            <subfield code="a">Electronic books.</subfield>
          </datafield>
          <datafield tag="700" ind1="1" ind2=" ">
            <subfield code="a">Marshall, Richard J.</subfield>
          </datafield>
          <datafield tag="830" ind1=" " ind2="0">
            <subfield code="a">Integrating Safety and Environmental Knowledge into Food Studies Towards European Sustainable Develo</subfield>
          </datafield>
          <datafield tag="906" ind1=" " ind2=" ">
            <subfield code="a">BOOK</subfield>
          </datafield>
          <datafield tag="AVE" ind1=" " ind2=" ">
            <subfield code="m">SpringerLink Books Complete</subfield>
            <subfield code="t">Springer Link</subfield>
          </datafield>
        </record>
      </recordData>
      <recordPosition>46</recordPosition>
    </record>