
    <record>
      <recordSchema>marcxml</recordSchema>
      <recordPacking>xml</recordPacking>
      <recordData>
        <record xmlns="">
          <leader>00681caa a22001817c 4500</leader>
          <controlfield tag="001">991134726254702204</controlfield>
          <controlfield tag="005">20160114222052.0</controlfield>
          <controlfield tag="007">ta</controlfield>
          <controlfield tag="008">110630nuuuu    xx#|||||||||||000|u|eng|d</controlfield>
          <datafield tag="035" ind1=" " ind2=" ">
            <subfield code="a">113472625-47bibsys_network</subfield>
          </datafield>
          <datafield tag="035" ind1=" " ind2=" ">
            <subfield code="a">(NO-TrBIB)113472625</subfield>
          </datafield>
          <datafield tag="035" ind1=" " ind2=" ">
            <subfield code="a">(EXLNZ-47BIBSYS_NETWORK)991134726254702201</subfield>
          </datafield>
          <datafield tag="040" ind1=" " ind2=" ">
            <subfield code="a">NO-TrBIB</subfield>
            <subfield code="b">nob</subfield>
            <subfield code="e">katreg</subfield>
          </datafield>
          <datafield tag="100" ind1="1" ind2=" ">
            <subfield code="a">Schrafstetter, Susanna</subfield>
          </datafield>
          <datafield tag="245" ind1="1" ind2="0">
            <subfield code="a">"Gentlemen, the cheese is all gone!" : British POWs, the "great escape" the Anglo-German agreement  for compensation to victims of Nazism</subfield>
          </datafield>
          <datafield tag="300" ind1=" " ind2=" ">
            <subfield code="a">S.23-43.</subfield>
          </datafield>
          <datafield tag="773" ind1="0" ind2=" ">
            <subfield code="t">Contemporary European history (trykt utg.).</subfield>
            <subfield code="d">Cambridge : Cambridge University Press</subfield>
            <subfield code="g">17 : 2008 : 1</subfield>
            <subfield code="x">0960-7773</subfield>
            <subfield code="w">999303330634702201</subfield>
          </datafield>
          <datafield tag="901" ind1=" " ind2=" ">
            <subfield code="a">60</subfield>
          </datafield>
          <datafield tag="999" ind1=" " ind2=" ">
            <subfield code="a">CP</subfield>
            <subfield code="9">LOCAL</subfield>
          </datafield>
          <datafield tag="999" ind1=" " ind2=" ">
            <subfield code="a">CP</subfield>
            <subfield code="9">LOCAL</subfield>
          </datafield>
          <datafield tag="AVA" ind1=" " ind2=" ">
            <subfield code="0">999303330634702204</subfield>
            <subfield code="a">47BIBSYS_UBO</subfield>
            <subfield code="b">1030300</subfield>
            <subfield code="c">UHS Tidsskr</subfield>
            <subfield code="d">Con</subfield>
            <subfield code="e">check_holdings</subfield>
            <subfield code="j">k00046</subfield>
            <subfield code="k">8</subfield>
            <subfield code="p">1</subfield>
          </datafield>
        </record>
      </recordData>
      <recordPosition>48</recordPosition>
    </record>