
    <record>
      <recordSchema>marcxml</recordSchema>
      <recordPacking>xml</recordPacking>
      <recordData>
        <record xmlns="">
          <leader>01647cam a22003857c 4500</leader>
          <controlfield tag="001">991229566134702204</controlfield>
          <controlfield tag="005">20121017150848.0</controlfield>
          <controlfield tag="007">cr |||||||||||</controlfield>
          <controlfield tag="008">121017s2011    xx#|||||o|||||000|u|nob|d</controlfield>
          <datafield tag="020" ind1=" " ind2=" ">
            <subfield code="c">Gratis</subfield>
          </datafield>
          <datafield tag="035" ind1=" " ind2=" ">
            <subfield code="a">122956613-47bibsys_network</subfield>
          </datafield>
          <datafield tag="035" ind1=" " ind2=" ">
            <subfield code="a">(NO-TrBIB)122956613</subfield>
          </datafield>
          <datafield tag="035" ind1=" " ind2=" ">
            <subfield code="a">(EXLNZ-47BIBSYS_NETWORK)991229566134702201</subfield>
          </datafield>
          <datafield tag="040" ind1=" " ind2=" ">
            <subfield code="a">NO-TrBIB</subfield>
            <subfield code="b">nob</subfield>
            <subfield code="e">katreg</subfield>
          </datafield>
          <datafield tag="100" ind1="1" ind2=" ">
            <subfield code="a">Hanto, Karen Aamodt</subfield>
            <subfield code="0">(NO-TrBIB)12001965</subfield>
          </datafield>
          <datafield tag="245" ind1="1" ind2="0">
            <subfield code="a">Gräddost ystet av kaseinanriket retentat fra mikrofiltrering =</subfield>
            <subfield code="b">"Gräddost" produced by casein enriched retentate from microfiltration</subfield>
            <subfield code="c">Karen Aamodt Hanto</subfield>
            <subfield code="h">[elektronisk ressurs]</subfield>
          </datafield>
          <datafield tag="246" ind1="3" ind2="1">
            <subfield code="a">"Gräddost" produced by casein enriched retentate from microfiltration</subfield>
          </datafield>
          <datafield tag="260" ind1=" " ind2=" ">
            <subfield code="a">Ås</subfield>
            <subfield code="b">[K.Aa. Hanto]</subfield>
            <subfield code="c">2011</subfield>
          </datafield>
          <datafield tag="300" ind1=" " ind2=" ">
            <subfield code="a">VII, 88, II bl.</subfield>
            <subfield code="b">fig.</subfield>
          </datafield>
          <datafield tag="500" ind1=" " ind2=" ">
            <subfield code="a">Mastergradsoppgave i Matvitenskap - Universitetet for miljø- og biovitenskap, Institutt for kjemi, bioteknologi og matvitenskap, Ås, 2011</subfield>
          </datafield>
          <datafield tag="506" ind1="0" ind2=" ">
            <subfield code="f">Åpen tilgang</subfield>
          </datafield>
          <datafield tag="588" ind1=" " ind2=" ">
            <subfield code="a">Katalogisert etter omslag</subfield>
          </datafield>
          <datafield tag="650" ind1=" " ind2="7">
            <subfield code="a">Processed cheese</subfield>
            <subfield code="2">agrovoc</subfield>
          </datafield>
          <datafield tag="650" ind1=" " ind2="7">
            <subfield code="a">Cheesemaking</subfield>
            <subfield code="2">agrovoc</subfield>
          </datafield>
          <datafield tag="650" ind1=" " ind2="7">
            <subfield code="a">Casein</subfield>
            <subfield code="2">agrovoc</subfield>
          </datafield>
          <datafield tag="650" ind1=" " ind2="7">
            <subfield code="a">Cream</subfield>
            <subfield code="2">agrovoc</subfield>
          </datafield>
          <datafield tag="650" ind1=" " ind2="7">
            <subfield code="a">Skim milk</subfield>
            <subfield code="2">agrovoc</subfield>
          </datafield>
          <datafield tag="650" ind1=" " ind2="7">
            <subfield code="a">Microfiltration</subfield>
            <subfield code="2">agrovoc</subfield>
          </datafield>
          <datafield tag="650" ind1=" " ind2="7">
            <subfield code="a">Scandinavia</subfield>
            <subfield code="2">agrovoc</subfield>
          </datafield>
          <datafield tag="653" ind1=" " ind2=" ">
            <subfield code="a">ost</subfield>
            <subfield code="a">ysting,</subfield>
            <subfield code="a">osteproduksjon</subfield>
            <subfield code="a">kasein</subfield>
            <subfield code="a">fløte</subfield>
            <subfield code="a">skummet</subfield>
            <subfield code="a">melk</subfield>
          </datafield>
          <datafield tag="710" ind1="2" ind2=" ">
            <subfield code="a">Universitetet for miljø- og biovitenskap</subfield>
            <subfield code="b">Institutt for kjemi, bioteknologi og matvitenskap</subfield>
            <subfield code="0">(NO-TrBIB)10083775</subfield>
          </datafield>
          <datafield tag="776" ind1="0" ind2=" ">
            <subfield code="t">Gräddost ystet av kaseinanriket retentat fra mikrofiltrering</subfield>
            <subfield code="w">991200553504702201</subfield>
          </datafield>
          <datafield tag="856" ind1="4" ind2="0">
            <subfield code="3">Fulltekst</subfield>
            <subfield code="u">http://www.nb.no/idtjeneste/URN:NBN:no-bibsys_brage_19015</subfield>
            <subfield code="y">Brage UMB</subfield>
            <subfield code="z">Gratis</subfield>
          </datafield>
          <datafield tag="901" ind1=" " ind2=" ">
            <subfield code="a">60</subfield>
          </datafield>
          <datafield tag="917" ind1=" " ind2=" ">
            <subfield code="a">h</subfield>
          </datafield>
          <datafield tag="999" ind1=" " ind2=" ">
            <subfield code="a">OA</subfield>
            <subfield code="9">LOCAL</subfield>
          </datafield>
          <datafield tag="999" ind1=" " ind2=" ">
            <subfield code="a">OA</subfield>
            <subfield code="9">LOCAL</subfield>
          </datafield>
          <datafield tag="999" ind1=" " ind2=" ">
            <subfield code="a">OA</subfield>
            <subfield code="9">LOCAL</subfield>
          </datafield>
        </record>
      </recordData>
      <recordPosition>50</recordPosition>
    </record>
  </records>
  <nextRecordPosition>51</nextRecordPosition>
  <diagnostics/>
  <extraResponseData xmlns:xb="http://www.exlibris.com/repository/search/xmlbeans/">
    <xb:exact>true</xb:exact>
    <xb:responseDate>2016-03-17T23:31:54+0100</xb:responseDate>
  </extraResponseData>
</searchRetrieveResponse>